2430 3772
137 180 174 237 28
397 148 400 152 '
512 179 758 241 crcnroarrs
1030 176 1128 261 [rna

134 312 193 370 hoc
212 309 337 388 ignoret,
359 330 427 370 cum
449 312 487 370 de
508 312 628 371 homine
649 311 748 372 occiso
770 321 934 388 quaeratur,
956 321 1008 371 aut
1028 311 1128 388 negari

135 402 229 469 solere
251 408 376 468 omnino
399 427 464 468 esse
486 410 597 468 factum
620 420 670 468 aut
692 421 772 468 recte
794 420 824 468 et
846 408 908 469 iure
929 409 1041 467 factum
1063 429 1128 469 esse

134 505 278 566 delendi?
320 505 386 566 Nisi
406 526 476 567 vero
500 506 671 567 existimatis
698 508 869 567 dementem
897 509 930 566 P.
957 506 1127 566 Africanum

134 604 232 677 fuisse,
255 601 396 680 quicum
416 625 435 663 a
457 607 491 666 C.
515 606 654 666 Carbone
674 602 795 663 tribuno
815 602 911 680 plebis
933 603 1073 663 seditiose
1097 602 1128 662 in

134 701 275 762 contione
289 703 521 779 interrogaretur,
537 701 609 779 quid
624 704 663 762 de
677 700 723 761 Ti.
740 701 866 762 Gracchi
885 713 980 760 morte
999 701 1126 775 sentiret,
1144 732 1156 771 ⁵

134 799 318 876 responderit
342 799 403 860 iure
428 820 548 859 caesum
573 798 674 858 videri.
718 801 826 876 Neque
849 799 929 858 enim
953 810 1053 875 posset
1077 810 1128 859 aut

134 899 230 958 Ahala
250 897 299 959 ille
320 897 458 959 Servilius
479 907 530 956 aut
552 899 584 956 P.
607 895 719 955 Nasica
738 907 790 955 aut
811 899 845 956 1..
861 896 999 973 Opimius
1020 907 1070 957 aut
1091 900 1127 959 C.

136 995 248 1055 Marius
275 1007 327 1055 aut
354 1015 404 1055 me
431 997 553 1055 consule
581 1006 701 1054 senatus
730 1013 791 1053 non
815 994 942 1054 nefarius
966 995 1077 1063 haberi,
1103 993 1129 1054 si

135 1095 293 1153 sceleratos
314 1091 386 1153 civis
407 1093 531 1153 interfici
557 1093 639 1152 nefas
663 1102 749 1152 esset.
793 1094 899 1168 Itaque
919 1092 987 1161 hoc,
1005 1092 1126 1163 iudices

135 1209 196 1252 non
214 1191 278 1253 sine
297 1212 386 1251 causa
406 1191 495 1251 etiam
513 1189 588 1251 fictis
607 1189 713 1249 sabulis
732 1188 897 1249 doctissimi
915 1189 1052 1251 homines
1071 1209 1129 1250 me·
1144 1223 1169 1250 ιο

134 1287 246 1349 moriae
260 1288 462 1366 prodiderunt,
474 1309 543 1348 eum
558 1282 611 1364 qui
623 1286 713 1364 patris
727 1286 890 1346 ulciscendi
904 1306 993 1346 causa
1004 1299 1127 1347 matrem

134 1386 306 1458 necavisset,
328 1386 444 1446 variatis
465 1385 620 1446 hominum
642 1383 796 1443 sententiis
817 1402 879 1442 non
900 1387 996 1444 solum
1018 1385 1126 1459 divina,

101 1484 185 1544 llsed
207 1484 294 1544 etiam
316 1482 550 1561 sapientissimae
569 1483 644 1541 deae
664 1480 810 1540 sententia
826 1481 991 1540 liberatum.
1035 1483 1128 1557 Quod

134 1581 159 1640 si
173 1580 333 1641 duodecim
348 1583 465 1641 tabulae
480 1591 657 1639 nocturnum
674 1581 769 1638 furem
789 1598 913 1655 quoquo
932 1580 1033 1653 modo,
1048 1581 1124 1639 diur·

134 1697 206 1737 num
221 1689 332 1755 autem,
343 1678 368 1737 si
383 1697 414 1737 se
429 1679 489 1736 telo
500 1677 684 1750 defenderet,
695 1675 819 1735 interfici
830 1675 952 1752 impune
963 1677 1126 1751 voluerunt,
1144 1707 1168 1746 ις

134 1776 201 1851 quis
221 1788 266 1837 est
280 1776 340 1853 qui,
356 1795 479 1852 quoquo
493 1775 585 1834 modo
597 1772 663 1850 quis
677 1773 848 1832 interiectus
863 1773 909 1848 sit,
924 1774 1126 1850 poeniendum

134 1885 229 1950 putet,
252 1893 320 1934 curn
340 1872 440 1933 videat
461 1873 622 1948 aliquando
643 1870 776 1948 gladium
800 1871 887 1930 nobis
912 1873 951 1930 ad
975 1871 1125 1932 hominem

134 1971 332 2030 occidendum
346 1971 384 2029 ab
399 1969 469 2044 ipsis
484 1969 591 2046 porrigi
605 1968 740 2045 legibus?
781 1970 835 2028 IV.
866 1968 957 2046 Atqui
970 1970 995 2029 si
1010 1980 1126 2047 tempus

134 2079 179 2128 est
193 2070 284 2127 ullum
299 2067 360 2126 iure
374 2065 503 2126 hominis
517 2065 653 2141 necandi,
669 2085 746 2142 quae
761 2068 854 2124 multa
868 2078 945 2142 sunt,
961 2079 1039 2128 certe
1052 2067 1126 2128 illud

135 2176 179 2226 'est
197 2185 258 2226 non
273 2167 366 2225 modo
380 2165 499 2237 iustum,
514 2183 615 2224 verum
630 2163 719 2223 etiam
734 2165 942 2240 necessarium,
957 2185 1025 2224 cum
1041 2166 1070 2225 vi
1083 2167 1127 2228 vis
1142 2199 1167 2226 ω

133 2263 215 2323 illata
232 2262 407 2324 defenditur.
451 2260 628 2322 Pudicitiam
650 2281 718 2320 cum
740 2261 864 2338 eriperet
885 2261 970 2322 militi
991 2262 1125 2323 tribunus

133 2360 265 2421 militaris
285 2359 317 2419 in
337 2358 465 2420 exercitu
487 2361 521 2420 C.
545 2358 623 2418 Mari
651 2360 810 2435 propincus
839 2357 902 2418 eius
929 2358 1125 2438 imperatoris,

133 2458 302 2518 interiectus
316 2459 354 2517 ab
370 2476 406 2516 eo
421 2467 466 2516 est
479 2454 528 2515 cui
541 2456 602 2515 vim
615 2457 788 2532 adserebat;
808 2458 903 2517 lacere
918 2458 998 2517 enim
1012 2461 1125 2536 probus

133 2556 308 2615 adulescens
323 2553 487 2630 periculose
501 2572 592 2629 quam
606 2551 722 2630 perpeti
736 2551 857 2630 turpiter
872 2555 981 2614 maluit.
1025 2558 1126 2634 Atque

132 2654 213 2712 hunc
236 2651 286 2711 ille
310 2670 442 2710 summus
466 2649 510 2709 vir
534 2651 645 2710 scelere
670 2651 800 2709 solutum
823 2650 955 2727 periculo
983 2651 1125 2715 liberavit.
1142 2687 1166 2724 25

81 2749 300 2809 101nsidiatori
318 2768 389 2808 vero
408 2759 438 2808 et
457 2748 563 2809 latroni
582 2768 660 2824 quae
679 2759 778 2824 potest
799 2748 897 2808 inferri
917 2749 1025 2810 iniusta
1046 2755 1126 2814 nex?

133 2849 215 2926 Quid
236 2848 393 2908 comitatus
414 2846 515 2921 nostri,
537 2846 608 2924 quid
629 2847 721 2922 gladii
741 2849 867 2906 volunt?
908 2849 993 2923 Quos
1014 2850 1125 2912 habete

132 2958 212 3006 certe
226 2965 288 3004 non
302 2945 412 3018 liceret,
428 2943 453 3003 si
467 2943 510 3003 uti
525 2944 582 3003 illis
601 2944 683 3002 nullo
702 2954 791 3019 pacto
811 2943 919 3005 liceret.
963 2948 1016 3005 Est
1037 2945 1125 3023 igitur

131 3043 215 3118 haec,
227 3042 347 3114 iudices,
364 3062 424 3102 non
439 3041 549 3118 scripta
563 3042 617 3101 sed
631 3051 701 3099 nata
716 3041 771 3115 lex,
787 3060 875 3116 quam
890 3060 951 3100 non
967 3041 1124 3104 didicimus

131 3140 301 3217 accepimus
315 3141 448 3215 legimus,
464 3158 566 3198 verum
581 3159 618 3198 ex
633 3148 738 3196 natura
751 3135 816 3214 ipsa
830 3138 1012 3213 adripuimus
1030 3140 1127 3200 hausi·
1140 3173 1166 3211 30

131 3256 197 3295 mus
211 3236 416 3312 expressimus,
432 3234 575 3311 adquam
589 3253 651 3294 uon
666 3232 748 3293 docti
762 3234 814 3294 sed
829 3234 908 3309 facti,
923 3253 983 3294 non
998 3234 1124 3297 instituti

132 3334 186 3392 sed
201 3331 306 3391 imbuti
321 3351 430 3405 snmus,
446 3341 486 3403 ut,
503 3329 527 3390 si
541 3330 602 3390 vita
615 3344 716 3391 nostra
730 3331 760 3390 in
774 3331 886 3407 aliquas
900 3331 1031 3408 insidias,
1047 3334 1072 3392 si
1092 3334 1124 3394 in

130 3426 191 3486 vim
206 3438 235 3486 et
250 3427 281 3484 in
295 3428 354 3486 tela
367 3438 417 3485 aut
432 3428 580 3486 latronum
593 3437 644 3485 aut
656 3425 840 3486 inimicorum
851 3426 1014 3503 incidisset,
1025 3428 1123 3490 omnis
