2430 3772
134 235 173 292 34
312 273 314 277 Α
510 215 758 276 crcaaorurs
1016 211 1076 294 [rx
1093 232 1130 288 23

135 349 162 408 ei
182 346 251 408 lecti
272 346 414 407 iudices
406 366 490 422 isque
512 345 697 423 praepositus
719 356 764 406 est
784 345 959 422 quaestioni,
982 345 1032 422 qui
1057 347 1132 405 haec

134 447 211 506 iuste
233 445 442 522 sapienterque
464 445 630 521 disceptet,
642 430 763 504 relicum
786 456 839 518 est,
863 444 986 515 iudices,
1006 456 1039 504 ut
1058 444 1132 503 nihil

133 541 193 600 iam
213 560 354 618 quaerere
372 539 455 601 aliud
475 539 617 612 debeatis,
634 540 690 598 nisi
711 551 776 599 uter
797 538 852 598 utri
874 539 998 599 insidias
1019 538 1129 599 iecerit

136 640 226 714 Quod
240 658 302 716 quo
312 639 427 698 facilius
438 638 604 716 perspicere
615 636 743 714 possitis,
754 623 932 712 argumentis
943 656 1005 696 rem
1015 649 1131 712 gestam

133 737 219 796 vobis
233 738 305 796 dum
320 738 446 798 breviter
460 755 587 813 expono,
604 753 725 812 quaeso,
741 721 896 811 diligenter
910 733 1062 794 attendite.
1146 765 1158 800 ,ς

81 834 142 892 24
193 837 225 894 P.
237 834 361 896 Clodius
375 853 444 893 cum
460 833 609 893 statuisset
621 851 702 891 omnr
695 831 843 890 ''scelere
835 850 865 890 m
877 844 1013 907 praetura
1024 851 1131 892 vexare

134 951 196 992 rem
210 931 361 1009 publicam
375 929 546 1006 videretque
560 930 600 989 ita
615 941 708 988 tracta
722 948 787 989 esse
804 927 925 988 comitia
944 948 1024 988 anno
1043 949 1130 1008 supe-

134 1030 209 1091 riore
230 1042 263 1090 ut
284 1050 345 1090 non
367 1033 476 1105 multos
498 1029 607 1089 mensis
629 1042 798 1106 praeturam
819 1047 920 1104 gerere
944 1015 1054 1104 posset,
1078 1029 1130 1105 qui

135 1148 196 1187 non
210 1119 331 1188 honoris
345 1115 468 1205 gradum
488 1139 643 1204 spectaret,
658 1139 691 1188 ut
711 1126 810 1199 ceteri,
827 1128 880 1186 sed
902 1138 932 1187 et
954 1129 986 1186 L
1004 1129 1130 1186 Paulum

135 1226 279 1301 collegam
300 1227 442 1327 effugere
448 1226 546 1307 vellet,
561 1221 699 1301 singulari
717 1223 823 1283 virtute
846 1221 950 1296 civem,
967 1235 997 1283 et
1018 1243 1130 1283 annum
1147 1257 1170 1284 ιο

134 1321 281 1398 integrum
298 1325 335 1382 ad
356 1300 576 1382 dilacerandam
597 1340 658 1380 rem
680 1320 831 1429 publicam
853 1332 1016 1398 quaereret,
1031 1322 1131 1382 subito

134 1418 253 1495 reliquit
276 1439 389 1478 annum
414 1437 499 1478 suum
521 1437 645 1494 seseque
666 1417 696 1477 in
717 1417 886 1494 proximum
907 1437 1019 1478 annum
1040 1395 1131 1478 tilhe-
1143 1400 1173 1423 ⁴²

136 1516 211 1590 tulit,
225 1536 296 1589 non,
312 1528 344 1576 ut
358 1518 399 1590 fit,
414 1516 556 1592 religione
571 1515 679 1593 aliqua,
695 1517 748 1575 sed
765 1526 798 1575 ut
817 1516 938 1575 haberet
940 1515 1072 1592 ,quod
1065 1535 1131 1592 ipse

137 1614 263 1688 dicebat,
276 1615 314 1675 ad
328 1625 493 1692 praeturam
509 1614 678 1691 gerendam,
690 1613 748 1673 hoc
759 1625 803 1673 est
817 1614 856 1672 ad
867 1614 1056 1672 evertendam
1067 1633 1129 1674 rem

82 1711 118 1768 25
134 1711 292 1803 publicam,
315 1713 437 1789 plenum
459 1730 570 1772 annum
591 1723 680 1788 atque
701 1710 856 1787 integrum.
900 1711 1131 1771 Occurrebat
1105 1732 1132 1772 er
1147 1743 1170 1780 15

137 1782 274 1867 maniam
306 1828 342 1869 ac
374 1807 502 1869 debilem
536 1819 702 1884 praeturam
735 1809 860 1866 futuram
894 1827 978 1867 suam
1006 1810 1129 1870 consule

136 1907 271 1980 Milone,
291 1925 360 1965 eum
375 1925 464 1983 porro
483 1925 599 1965 summo
618 1925 765 1965 consensu
784 1905 886 1982 populi
909 1905 1040 1965 Romani
1061 1926 1131 1966 con-

136 2004 229 2063 sulem
244 2004 305 2062 fieri
320 2003 449 2063 videbat.
493 2002 627 2095 Contulit
649 2023 680 2061 se
700 2004 739 2062 ad
762 2003 824 2062 eius
842 2002 1061 2078 competitores,
1077 2006 1130 2064 sed

135 2098 185 2173 ita,
201 2111 294 2160 totam
310 2111 342 2159 ut
357 2074 536 2177 petitionem
546 2094 611 2176 ipse
626 2102 707 2160 solus
726 2101 815 2160 etiarn
835 2099 934 2160 invitis
952 2100 1009 2161 illis
1027 2103 1131 2178 guber-

136 2211 228 2270 naret,
246 2209 360 2258 totat
327 2209 360 2258 ut
379 2197 500 2257 comitia
519 2197 586 2277 suis,
603 2208 636 2256 ut
655 2197 819 2271 dictitabat,
836 2197 944 2258 umeris
964 2200 1129 2260 sustineret.
1145 2232 1170 2260 ω

136 2297 330 2356 Convocabat
346 2295 444 2367 tribuS,
455 2315 487 2355 se
501 2274 717 2371 interponebat,
731 2296 880 2357 Collinam
895 2315 1003 2355 novam
1019 2296 1130 2357 dilectu

136 2392 402 2470 perditissimorum
427 2392 533 2451 civium
559 2393 772 2453 conscribebat
818 2394 957 2469 Quanto
968 2393 1018 2454 ille
1045 2395 1130 2471 plura

52 2550 57 2567 Ι,
138 2490 290 2562 miscebat,
307 2502 391 2550 tanto
405 2489 454 2548 hic
469 2489 562 2566 magis
577 2490 607 2548 in
623 2490 686 2549 dies
701 2478 936 2549 convalescebat.
950 2476 954 2482 ’
979 2489 1041 2550 Vbi
1055 2490 1130 2551 vidit

34 2578 38 2593 ¹
135 2589 227 2647 homo
254 2588 293 2646 ad
322 2606 411 2646 omne
438 2587 552 2647 facinus
585 2586 785 2663 paratissimus
814 2586 1004 2646 fortissimum
1034 2587 1128 2680 virum

137 2683 372 2745 inimicissimum
393 2704 479 2743 suum
494 2684 688 2744 certissimum
704 2684 868 2756 consulem,
884 2664 974 2760 idque
980 2653 1138 2745 inteileirit
1144 2714 1169 2754 ας

136 2803 197 2843 non
213 2785 309 2844 solum
324 2783 518 2855 sermonibus,
534 2784 586 2843 sed
602 2781 691 2842 etiarn
712 2780 855 2859 suffragiis
874 2781 978 2860 populi
998 2783 1129 2843 Romani

137 2901 224 2958 saepe
245 2901 310 2941 esse
325 2881 515 2952 declaratum,
531 2881 630 2956 palam
650 2899 735 2956 agere
754 2877 854 2955 coepit
868 2890 897 2938 et
912 2890 1014 2955 aperte
1029 2880 1129 2940 dicere

83 2980 119 3037 26
135 2978 331 3037 occidendum
348 2976 503 3036 Milonem.
553 2978 658 3037 Servos
676 2977 797 3051 agrestis
811 2988 842 3036 et
856 2977 1004 3047 barbaros,
1020 2976 1129 3051 quibus

136 3076 223 3135 silvas
244 3075 379 3152 publicas
400 3078 459 3153 dep
450 3054 598 3151 rirpulatus
623 3087 684 3133 erat
714 3072 920 3151 Etruriamque
940 3086 1068 3148 vexarat,
1092 3094 1130 3136 ex

136 3172 320 3250 Appennino
344 3173 514 3246 deduxerat,
538 3191 613 3248 quos
637 3170 791 3231 videbatis
835 3173 896 3230 Res
921 3182 983 3229 erat
1007 3169 1131 3231 minime
1144 3203 1170 3242 30

137 3270 280 3343 obscura;
301 3269 410 3329 etenim
429 3268 583 3329 dictitabat
603 3271 700 3345 palam
720 3270 906 3328 consulatum
927 3267 999 3344 eripi
1020 3269 1128 3329 Miloni

137 3384 197 3425 non
214 3385 311 3441 posse,
326 3366 416 3424 vitam
432 3385 528 3442 posse.
572 3366 751 3442 Significavit
772 3367 830 3425 hoc
850 3384 941 3441 saepe
961 3365 992 3425 in
1014 3378 1127 3442 senatu,

129 3460 208 3518 dixit
218 3461 251 3518 in
267 3461 418 3535 contione,
435 3461 508 3538 quin
523 3461 612 3521 etiam
628 3461 769 3528 Favonio,
783 3459 942 3520 fortissimo
957 3459 1028 3532 viro,
1040 3480 1130 3537 quae-
