2430 3772
126 211 216 270 XXV
230 206 282 293 68]
371 211 462 272 PRO
487 210 671 272 MILONE
700 208 875 271 ORATIO.
1079 226 1114 285 51

126 431 159 506 ἐξ
171 405 288 492 67-71ζ
321 432 477 502 Pompey's
488 431 656 500 suspicions
667 446 720 490 ara
732 432 948 499 unfortunat03
965 429 1043 488 Milo
1053 445 1118 489 was

193 519 256 578 and
272 520 300 578 is
316 520 412 588 ready
429 523 464 579 to
480 521 517 578 ba
534 520 584 576 his
601 523 672 577 true
689 519 798 578 friend
832 518 895 576 But
913 519 1045 588 Pompey
1061 517 1118 577 has

193 607 290 664 taken
300 605 420 664 trouble
430 608 466 664 to
478 620 586 663 ensnra
598 620 618 663 a
628 604 693 662 free
704 608 777 662 vota
788 605 829 672 by
839 604 894 662 the
902 604 984 672 jury.
1060 650 1078 733 D

187 750 283 809 XXV.
320 745 431 810 Omnia
444 749 517 807 falsa
530 758 621 823 atque
634 746 776 806 insidiose
791 748 860 804 ficta
874 698 1115 822 coripieitiiuna
1131 746 1168 803 67

125 867 194 907 cum
216 858 326 920 tamen,
346 845 371 905 si
391 845 530 906 metuitur
551 845 640 905 etiam
661 864 741 903 nunc
762 842 880 915 Miloni,
895 862 957 902 non
978 844 1037 900 iam
1057 843 1116 901 hoc

126 943 307 1006 Clodianum
322 943 433 1002 crimen
447 942 593 1014 timemus,
610 943 663 1002 sed
678 953 752 1012 tuas,
768 943 822 1002 Cn.
840 939 965 1016 Pompei
980 939 1021 1018 (te
1036 938 1115 998 enim

126 1037 212 1122 [iam]
241 1042 368 1117 appe110,
394 1050 423 1099 et
451 1060 487 1100 ea
513 1059 595 1112 voce,
621 1051 654 1099 ut
677 1060 726 1099 me
751 1038 888 1098 exaudire
909 1035 1017 1117 possis)
1040 1047 1113 1109 tuas,

98 1170 110 1208 ⁵
124 1139 257 1214 inquam,
272 1137 456 1214 suspiciones
470 1138 725 1216 perhorrescimus.
769 1138 799 1198 Si
816 1137 961 1196 Milonem
980 1135 1075 1208 times,
1090 1134 1115 1194 si

125 1237 207 1294 hunc
233 1237 272 1294 de
297 1247 349 1294 tua
371 1236 433 1295 vita
452 1235 562 1296 nefarie
582 1247 634 1296 aut
658 1256 738 1358 npnc
777 1235 888 1312 ogitare
908 1245 958 1294 aut
979 1233 1114 1292 molitum
1174 1269 1178 1301 r

124 1332 165 1393 ali
187 1334 287 1392 uando
301 1333 413 1408 aliquid
426 1345 521 1411 putas,
533 1332 558 1393 si
572 1332 677 1392 Italiae
691 1303 721 1392 di
783 1353 825 1405 us,
837 1304 945 1392 u‘l'flon
959 1330 1032 1389 nulli
1044 1299 1143 1388 idn-'³
1160 1306 1182 1362 *i
1200 1312 1207 1350 ‘

124 1352 282 1506 qffitffi
303 1429 346 1535 tup'
366 1429 544 1540 dic-pitarunt
560 1429 584 1490 si
604 1431 680 1489 haec
699 1449 790 1501 arma,
809 1428 834 1488 si
856 1427 1042 1504 Capitolinae
1064 1446 1113 1485 co·

125 1529 235 1600 hortea
257 1528 280 1587 si
309 1495 512 1599 exaiulum
536 1528 662 1605 vigiliae,
684 1525 708 1587 si
734 1528 852 1588 delecta
870 1526 1017 1596 iuventus,
1038 1543 1114 1600 quae

84 1636 210 1685 10tuum
226 1644 332 1701 corpus
352 1627 535 1702 domumque
552 1624 692 1699 custodit,
709 1636 811 1684 contra
827 1624 948 1683 Milonis
970 1623 1114 1713 impetum

124 1733 238 1783 armata
252 1734 306 1794 est,
320 1735 410 1798 atque
424 1725 474 1782 illa
487 1721 587 1782 omnia
602 1722 632 1779 in
647 1722 726 1779 hunc
740 1740 833 1779 unum
847 1701 904 1780 inll
949 1701 1112 1795 m‘parata,

87 1818 248 1903 «ιρερε
267 1829 345 1890 sunt,
367 1837 474 1896 magna
500 1818 532 1877 in
556 1820 615 1878 hoc
636 1828 714 1877 certe
735 1816 779 1877 vis
800 1829 830 1878 et
850 1816 1031 1877 incredibilis
1055 1815 1115 1876 ani·

124 1936 192 1976 mus
213 1927 243 1976 et
261 1934 323 1975 non
343 1915 432 1975 unius
451 1914 505 1974 viri
524 1914 600 1974 vires
621 1925 711 1990 atque
732 1933 805 1991 opes
826 1915 999 1988 iudicantur,
1015 1913 1039 1973 si
1054 1913 1115 1990 qui·

124 2016 195 2075 dem
209 2012 240 2072 in
254 2014 335 2071 hunc
349 2033 441 2072 unum
456 2025 485 2073 et
504 2011 773 2090 praestantissimus
792 2013 854 2072 dux
872 2014 983 2072 electus
1003 2023 1032 2071 et
1052 2021 1114 2071 tota

84 2144 109 2182 ¹5
122 2131 170 2172 res
184 2110 304 2188 publica
318 2122 431 2171 armata
444 2120 497 2170 est.
540 2111 599 2174 Sed
614 2107 680 2185 quis
699 2128 761 2168 non
779 2106 922 2185 intellegit
944 2108 1041 2168 omnis
1061 2106 1114 2167 tibi
1129 2107 1166 2165 68
1185 2186 1187 2190 ,

52 2199 58 2212 ³
124 2207 167 2269 rei
188 2208 327 2284 publicae
351 2206 441 2285 partis
469 2226 571 2284 aegras
598 2217 628 2265 et
655 2204 790 2278 labantis,
816 2217 849 2265 ut
877 2225 926 2265 eas
953 2204 1000 2265 his
1027 2205 1114 2264 armis

123 2323 245 2366 sanares
269 2315 299 2364 et
323 2305 520 2376 confirmares,
545 2323 610 2362 esse
638 2303 830 2362 commissas?
871 2304 961 2378 Quod
983 2301 1008 2362 si
1032 2305 1114 2362 locus

125 2401 235 2462 Miloni
256 2401 343 2460 datus
365 2413 450 2473 esset,
472 2400 626 2478 probasset
647 2400 782 2476 profecto
803 2397 856 2458 tibi
876 2399 941 2476 ipsi,
964 2398 1114 2459 neminem

123 2518 267 2575 umquam
288 2497 440 2558 hominem
461 2496 576 2557 homini
599 2495 742 2554 cariorem
764 2495 853 2556 fuisse
873 2516 962 2573 quam
991 2508 1021 2558 te
1048 2495 1112 2566 sibi,

82 2629 107 2657 ω
121 2596 237 2655 nullum
261 2614 293 2655 se
313 2613 455 2670 umquam
479 2593 643 2670 periculum
671 2610 726 2668 pro
754 2603 806 2652 tua
827 2592 970 2670 dignitate
992 2593 1114 2671 fugisse;

123 2711 193 2752 cum
208 2691 258 2751 illa
272 2691 336 2768 ipsa
349 2690 517 2751 taeterrima
535 2702 619 2766 peste
638 2708 671 2749 se
688 2688 860 2765 saepissime
879 2711 932 2768 pro
951 2702 1003 2751 tua
1021 2690 1114 2768 gloria

123 2790 333 2864 contendisse3
354 2788 534 2849 tribunatum
548 2807 634 2847 suum
648 2788 686 2846 ad
706 2788 831 2846 salutern
845 2807 951 2863 meam,
969 2808 1046 2866 quae
1060 2785 1114 2847 tibi

122 2886 275 2948 carissima
289 2886 399 2960 suisset,
415 2885 544 2946 consiliis
563 2884 621 2945 tuis
638 2887 833 2961 gubernatum
839 2906 849 2959 ;
869 2905 900 2946 se
921 2906 938 2946 a
960 2897 988 2946 te
1009 2897 1114 2964 postea

122 2985 281 3045 defensum
308 2982 339 3042 in
360 2983 493 3061 periculo
517 2983 631 3062 capitis,
654 2983 789 3042 adiutum
811 2981 843 3041 in
868 2983 1012 3060 petitione
1034 3003 1116 3062 prae-

82 3113 107 3152 ες
121 3093 206 3142 turae
214 3103 224 3157 3
245 3084 321 3142 duos
336 3101 368 3142 se
381 3083 490 3142 habere
505 3101 622 3158 semper
640 3079 835 3140 amicissimos
855 3100 995 3157 sperasse,
1011 3093 1041 3141 te
1062 3091 1117 3165 tuq
1171 3142 1177 3165 1,

123 3177 279 3246 beneficio,
293 3197 342 3238 me
356 3197 421 3237 suo·
463 3179 548 3253 Quae
562 3176 587 3237 si
600 3197 662 3238 uon
675 3178 821 3254 probaret,
836 3177 861 3237 si
875 3178 928 3237 tibi
942 3177 983 3238 ita
997 3165 1125 3255 penitus·
1139 3174 1154 3193 '‘
1178 3164 1181 3169 ’

123 3273 299 3334 inhaesisset
321 3276 377 3333 ista
404 3273 542 3350 suspici0‚
565 3274 648 3332 nullo
675 3285 708 3333 ut
731 3274 818 3334 evelli
840 3275 931 3334 modo
954 3271 1069 3351 posset‚'
1089 3273 1114 3333 si

124 3370 257 3447 denique
272 3369 359 3430 Italia
375 3391 394 3430 a
413 3371 533 3443 dilectu,
548 3373 617 3431 urbs
636 3372 675 3431 ab
694 3372 782 3431 arnus
800 3371 864 3432 sine
886 3371 1008 3433 Milonis
1029 3373 1114 3432 clade

124 3485 289 3544 numquam
303 3478 381 3527 esset
395 3466 598 3546 conquietura,
610 3487 648 3529 ne
662 3467 718 3530 iste
730 3469 816 3530 haud
827 3467 976 3529 dunizans
987 3470 1138 3524 cessxssex

997 3585 1083 3640 ⁶5³²
