2430 3772
118 221 255 281 xxxvi
271 217 324 301 99]
364 220 457 280 prro
482 218 667 280 MILONE
696 217 870 278 ORATIO.
1074 217 1112 290 ⁶³

117 348 204 425 sequi
223 349 319 409 solere
337 359 417 408 recte
431 349 577 407 factorum
592 367 682 425 quam
700 345 765 423 ipsa
783 356 863 406 recte
876 346 972 419 facta,
992 362 1024 404 se
1040 341 1113 402 nihil

116 445 149 506 in
168 445 230 505 vita
247 445 303 505 uisi
322 443 554 522 praeclarissime
568 444 681 516 fecisse,
697 442 722 502 si
740 442 862 519 quidem
882 441 956 501 nihil
973 438 1014 501 sit
1034 458 1115 517 prae

118 542 253 603 stabilius
271 542 335 602 viro
355 560 446 619 quam
465 540 603 618 periculis
619 539 746 618 patriam
764 539 906 614 liberare;
926 541 1030 600 beatos
1049 558 1113 598 esse

118 640 230 718 quibus
250 659 287 700 ea
303 647 352 700 'res
371 639 477 700 honori
498 639 586 699 suerit
606 659 625 699 a
645 638 705 698 suis
726 637 849 709 civibus,
865 657 921 698 nec
941 647 1042 698 tamen
1062 655 1114 695 eos

89 740 251 810 smiseros,
274 736 325 815 qui
353 736 500 798 beneficio
524 736 597 798 civis
617 756 688 796 suos
709 734 850 808 vicerint;
878 734 932 794 sed
955 744 1056 795 tamen
1080 751 1117 792 ex
1130 732 1167 791 97

118 835 258 896 omnibus
283 835 420 912 praemiis
442 834 564 906 virtutis,
587 836 612 896 si
632 844 711 896 esset
737 833 876 894 habenda
895 832 970 893 ratio
992 830 1116 909 praemi-

119 952 212 1006 orum,
242 931 458 1008 amplissimum
485 950 551 992 esse
578 931 743 1008 praemium
770 930 911 1008 gloriam,
944 949 1009 991 esse
1037 931 1115 989 hanc

113 1050 219 1104 unam,
235 1049 313 1107 quae
329 1028 505 1088 brevitatem
520 1027 597 1088 vitae
616 1028 796 1105 posteritatis
817 1027 961 1089 memoria
980 1029 1114 1088 consola·

118 1138 207 1202 retur,
232 1145 309 1203 quae
338 1126 522 1186 efficeretur
546 1127 684 1187 absentes
708 1126 888 1200 adessemus,
910 1124 1019 1186 mortui
1039 1125 1116 1186 vive

74 1261 101 1288 10
115 1245 236 1298 remus,
256 1225 335 1283 hanc
349 1222 480 1298 denique
494 1243 567 1299 esse,
583 1223 667 1284 cuius
680 1223 820 1302 gradibus
839 1223 928 1285 etiarn
947 1222 979 1283 in
999 1224 1115 1285 caelum

120 1322 258 1384 homines
282 1322 453 1393 viderentur
478 1324 669 1385 adscendere.
714 1325 763 1383 De
787 1341 843 1394 me,
869 1321 973 1398 inquit,
999 1341 1117 1399 semper
1131 1321 1167 1380 98

119 1422 249 1498 populus
271 1422 437 1492 Romanus,
460 1439 577 1496 semper
597 1440 702 1482 omnes
721 1432 827 1498 gentes
847 1422 1013 1496 loquentur,
1035 1421 1117 1479 nulla

119 1536 264 1594 umquam
292 1518 481 1577 obmutescet
506 1528 646 1578 vetustas,
689 1517 770 1594 Quin
797 1517 856 1576 hoc
883 1527 1017 1593 tempore
1040 1514 1114 1593 ipso,

120 1634 191 1674 cum
206 1633 311 1675 omnes
325 1634 343 1675 a
356 1613 430 1674 meis
444 1613 571 1673 inimicis
585 1615 665 1674 faces
680 1613 808 1674 invidiae
822 1633 907 1673 meae
925 1613 1115 1687 subiciantur,

77 1744 103 1783 15
118 1723 220 1772 tamen
236 1711 319 1772 omni
338 1710 369 1770 in
389 1711 547 1770 hominnm
567 1719 664 1770 coetu
676 1712 775 1790 gratiis
796 1711 920 1788 agendis
941 1722 971 1771 et
991 1713 1116 1788 gratula-

120 1808 252 1870 tionibus
273 1807 420 1868 habendis
448 1819 478 1868 et
500 1807 583 1867 omni
607 1826 744 1868 sermone
768 1808 958 1870 celebramur.
1000 1807 1116 1870 Omitto

121 1905 256 1966 Etruriae
270 1908 362 1966 festos
376 1917 406 1966 et
420 1917 502 1966 actos
517 1917 547 1965 et
561 1904 710 1966 institutos
725 1904 808 1981 dies3
828 1905 989 1967 centesima
1007 1908 1058 1965 lux
1071 1917 1117 1966 est

104 2006 197 2077 ‚haec
223 2005 262 2064 ab
289 2002 410 2064 interitu
438 2007 470 2064 P.
497 2002 587 2066 Clodi
615 2013 653 2076 et,
683 2002 798 2080 opinor,
819 2005 929 2078 altera3
956 2022 1016 2080 qua
1042 2006 1116 2064 fines

120 2098 227 2178 imperi
252 2101 355 2179 populi
380 2101 512 2162 Romani
533 2113 610 2174 sunt,
633 2121 669 2162 ea
689 2121 751 2162 non
774 2103 871 2162 solum
893 2104 973 2162 sama
997 2101 1055 2162 iam
1077 2103 1115 2162 de

76 2232 104 2260 ω
118 2200 179 2271 illo,
196 2200 249 2259 sed
264 2199 354 2259 etiam
368 2199 481 2260 laetitia
494 2199 667 2278 peragravit.
691 2202 789 2276 Quam
805 2203 845 2261 ob
858 2222 931 2276 rem,
943 2203 994 2261 ubi
1009 2220 1116 2278 corpus

120 2298 181 2357 hoc
200 2296 247 2370 sit,
266 2316 339 2371 non,
357 2296 464 2376 iuquit,
485 2300 598 2373 laboro,
614 2300 756 2376 quoniam
777 2299 915 2360 omnibus
934 2299 965 2359 in
984 2301 1066 2360 terris
1086 2311 1117 2360 et

120 2391 181 2453 iam
196 2405 329 2454 versatur
342 2406 372 2455 et
386 2415 505 2472 semper
516 2395 663 2456 habitabit
676 2396 806 2457 nominis
820 2395 879 2457 mei
892 2398 993 2475 gloria.

182 2495 328 2554 XXXVI.
372 2495 460 2554 Haec
488 2504 520 2553 tu
540 2513 659 2555 mecum
680 2513 770 2571 saepe
791 2493 837 2554 his
858 2495 1041 2567 absentibus,
1062 2497 1116 2556 sed
1131 2495 1167 2554 99

119 2587 216 2650 isdem
233 2588 424 2651 audientibus
443 2594 517 2651 haec
535 2610 591 2668 ego
609 2601 717 2665 tecum,
736 2592 830 2652 Milo:
851 2602 881 2653 te
900 2592 1031 2671 quidem,
1046 2613 1116 2653 cum

76 2721 103 2758 25
118 2687 177 2747 isto
195 2686 297 2750 animo
315 2709 356 2763 es,
376 2688 447 2750 satis
467 2690 589 2750 laudare
605 2708 668 2750 non
686 2709 816 2766 possum,
837 2693 899 2764 sed,
918 2710 980 2766 quo
999 2702 1043 2751 est
1061 2691 1117 2750 ista

120 2784 214 2863 magis
235 2785 336 2846 divina
355 2785 456 2860 virtus,
473 2806 511 2847 eo
532 2785 643 2848 maiore
663 2807 682 2847 a
702 2800 731 2848 te
752 2789 856 2850 dolore
877 2788 1007 2849 divellor.
1051 2790 1117 2848 Nec

120 2901 200 2955 vem,
216 2881 240 2942 si
254 2881 326 2942 mihi
341 2884 469 2961 eriperis,
483 2883 598 2962 reliqua
612 2895 657 2945 est
670 2883 719 2943 illa
733 2894 834 2945 tamen
846 2886 886 2945 ad
900 2887 1117 2946 consolandum

121 2979 262 3057 querella,
277 2990 310 3039 ut
324 2981 366 3040 eis
383 2980 468 3041 irasci
487 2982 609 3059 possim,
623 2981 765 3058 aquibus
781 2993 896 3043 tantum
911 2985 1018 3044 volnus
1035 3002 1117 3043 acce·

120 3096 213 3155 per0;
233 3096 295 3136 non
309 3078 388 3138 enim
403 3078 516 3140 inimici
529 3078 589 3140 mei
603 3091 634 3140 te
644 3076 717 3138 mihi
727 3079 861 3157 eripient,
872 3083 925 3142 sed
936 3079 1116 3154 amicissimi,

78 3207 106 3248 30
120 3193 183 3233 non
211 3175 288 3235 male
316 3175 477 3251 aliquando
504 3178 543 3237 de
571 3196 620 3237 me
647 3174 752 3248 meriti,
776 3178 830 3237 sed
854 3197 971 3255 semper
993 3179 1114 3257 optime.

123 3272 247 3330 Nullum
275 3270 349 3330 mihi
373 3292 525 3350 umquam,
549 3272 671 3345 iudices,
697 3283 812 3333 tantum
839 3277 973 3336 dolorem
995 3275 1117 3337 inuretis

123 3366 190 3447 (etsi
205 3367 270 3443 quis
284 3378 384 3444 potest
398 3388 463 3429 esse
481 3370 615 3450 tantus?)
637 3371 691 3431 sed
711 3390 751 3430 ne
768 3372 848 3431 hunc
866 3373 989 3448 quidem
1007 3373 1115 3453 ipsum,

122 3474 159 3524 ut
183 3463 340 3525 obliviscar
368 3465 470 3543 quanti
496 3485 546 3527 me
573 3487 691 3545 semper
717 3467 853 3530 feceritis
896 3471 988 3545 Quae.
1010 3471 1046 3528 si
1062 3490 1129 3526 uos
