2430 3772
129 171 284 254 XXX83]
367 176 460 236 PRO
485 176 668 236 MILONE
697 178 873 240 ORATIO.
1078 197 1114 257 57

126 305 202 377 letis,
226 305 356 365 honores
383 306 594 382 adsequeretur
620 306 827 384 amplissimos,
849 308 873 369 si
897 311 1009 370 factum
1030 309 1115 371 vobis

127 422 189 461 non
209 403 382 479 probaretur
395 403 587 481 (quamquam
603 405 654 482 qui
672 417 788 482 poterat
804 408 883 466 salus
903 427 957 467 sua
976 407 1115 484 cuiquam

127 519 189 559 non
213 499 331 576 probari
340 502 363 576 ?)
391 501 445 560 sed
471 512 580 574 tamen,
601 501 628 560 si
655 501 752 560 minus
775 502 924 562 fortissimi
948 503 1001 563 viri
1024 504 1115 564 virtus

125 596 239 656 civibus
252 607 334 674 grata
347 596 512 666 cecidisset,
527 617 637 674 magno
650 597 752 659 animo
770 602 977 678 constantique
996 602 1114 661 cederet

98 726 111 763 5
125 714 162 754 ex
175 694 287 772 ingrata
301 695 427 755 civitate.
471 697 550 754 Nam
564 695 636 772 quid
655 707 732 756 esset
752 696 891 772 ingratius
905 717 993 774 quam
1014 697 1114 757 laetari

126 802 248 865 ceteros,
262 794 362 869 lugere
376 812 444 852 eum
459 795 565 862 solum,
577 803 698 869 propter
710 810 799 867 quem
814 793 903 852 ceteri
917 795 1115 854 laetarentur?

126 890 316 965 Quamquam
343 891 402 949 hoc
425 889 527 949 animo
552 908 668 966 semper
691 909 795 950 omnes
817 890 925 959 fuimus
951 890 982 951 in
1003 892 1115 968 patriae
1129 893 1166 951 82

124 986 324 1062 proditoribus
344 986 557 1065 opprimendis,
578 999 620 1060 ut,
637 986 779 1063 quoniam
800 999 900 1047 nostra
920 990 1017 1048 sutura
1036 1001 1113 1048 esset

122 1083 225 1159 gloria,
248 1083 410 1160 periculum
431 1103 553 1160 quoque
570 1095 600 1144 et
621 1084 762 1144 invidiam
783 1096 913 1145 nostram
933 1096 1111 1164 putaremus.

82 1216 108 1242 10
124 1184 204 1242 Nam
225 1201 301 1258 quae
322 1182 396 1241 mibi
415 1181 473 1258 ipsi
492 1182 650 1242 tribuenda
670 1184 734 1243 laus
755 1196 841 1256 esset,
859 1202 926 1242 cnm
947 1194 1061 1242 tantum
1082 1183 1113 1242 in

124 1280 281 1338 consulatu
303 1297 372 1338 meo
392 1297 446 1355 pro
469 1278 554 1338 vobis
582 1298 617 1337 ac
645 1278 744 1339 liberis
768 1280 872 1341 vestris
895 1300 984 1341 ausus
1007 1300 1112 1351 essem,

125 1377 149 1437 si
166 1376 199 1438 id
213 1379 296 1454 quod
314 1379 453 1448 conabar,
469 1376 533 1436 sine
554 1376 689 1449 maximis
709 1377 949 1438 dimicationibus
969 1378 1043 1439 meis
1064 1398 1112 1438 me

124 1495 189 1536 esse
212 1495 352 1536 ausurum
380 1476 556 1536 arbitrarer?
590 1476 676 1550 Quae
704 1475 809 1536 mulier
835 1477 997 1536 interficere
1024 1476 1112 1536 scele-

123 1584 219 1632 ratum
233 1593 269 1632 ac
282 1572 481 1650 perniciosum
496 1571 591 1631 civem
606 1591 668 1632 non
686 1573 815 1645 auderet,
831 1574 856 1632 si
870 1571 1031 1648 periculum
1050 1591 1113 1632 non

80 1702 106 1739 15
122 1670 260 1730 timeret?
296 1669 452 1746 Proposita
471 1667 583 1728 invidia
600 1680 696 1729 morte
710 1688 810 1744 poena
824 1667 875 1745 qui
888 1667 980 1727 nihilo
994 1669 1112 1746 segnius

123 1788 186 1828 rem
207 1769 358 1845 publicam
379 1767 520 1838 defendit,
543 1766 568 1826 is
589 1766 633 1825 vir
652 1787 720 1827 vere
740 1768 891 1844 putandus
912 1778 964 1826 est
1006 1765 1112 1843 Populi

120 1866 198 1942 grati
212 1876 256 1925 est
270 1864 408 1942 praemiis
422 1864 549 1923 adficere
563 1865 640 1924 bene
655 1864 775 1923 meritos
790 1865 828 1924 de
848 1883 880 1924 re
899 1862 1018 1942 publica
1031 1863 1110 1939 civis,

122 1961 177 2021 viri
196 1963 279 2023 fortis
300 1983 341 2023 ne
363 1962 515 2039 suppliciis
540 1961 659 2038 quidem
682 1961 793 2022 moveri
817 1974 851 2022 ut
872 1961 985 2024 fortiter
1008 1961 1112 2022 secisse

123 2061 282 2136 paeniteat.
326 2062 425 2136 Quam
445 2061 568 2120 obrem
590 2071 720 2119 uteretur
739 2060 845 2119 eadem
866 2059 1051 2121 consessione
1075 2060 1110 2118 T.
1127 2059 1165 2117 83

76 2190 106 2217 ω
128 2158 254 2229 Annius,
270 2177 329 2234 qua
342 2160 446 2230 Ahala,
461 2177 522 2235 qua
537 2157 654 2232 Nasica,
670 2177 729 2235 qua
747 2157 895 2234 Opimius,
911 2177 970 2234 qua
989 2155 1110 2226 Marius

122 2273 184 2330 qua
198 2267 315 2316 nosmet
329 2256 395 2333 ipsi,
410 2268 439 2316 et
458 2257 483 2316 si
502 2268 585 2334 grata
600 2275 646 2316 res
667 2257 788 2333 publica
808 2267 893 2327 esset,
908 2257 1071 2327 laetaretur,
1087 2252 1112 2313 si

122 2351 244 2428 ingrata,
261 2364 361 2413 tamen
375 2355 405 2413 in
419 2354 499 2430 gravi
513 2356 630 2413 fortuna
644 2353 825 2414 conscientia
840 2373 892 2412 sua
906 2354 1052 2413 niteretur.

121 2546 155 2619 §§
167 2548 280 2606 83-86.
318 2548 380 2606 Tho
391 2549 465 2616 gods
476 2548 661 2607 themselves
672 2550 781 2608 ruined
795 2549 933 2618 clodium
950 2548 989 2606 he
1001 2548 1056 2606 fell
1072 2549 1113 2616 by

189 2634 359 2779 ἶξίοεξζίιιο
371 2635 467 2693 ottho
477 2635 562 2693 Bona
569 2635 641 2707 Dea,
654 2635 772 2694 audiris
780 2635 900 2694 funeral
907 2651 972 2694 was
980 2636 1113 2694 wlthout

182 2844 242 2902 Sed
263 2841 349 2901 huius
368 2842 496 2902 benefici
512 2841 644 2919 gratiam,
659 2839 780 2915 iudices,
796 2842 911 2901 fortuna
931 2840 1035 2918 populi
1053 2843 1112 2900 Ro

121 2940 203 2998 mani
218 2950 248 2999 et
261 2950 358 2999 vestra
371 2939 494 3000 felicitas
509 2950 539 3000 et
553 2938 583 2999 di
601 2939 782 2998 immortales
800 2937 856 2999 sibi
875 2939 977 3000 deberi
997 2948 1108 3017 putant

73 3071 103 3106 25
119 3038 187 3096 Nec
207 3035 452 3113 veroquisquam
472 3034 557 3095 aliter
576 3035 709 3095 arbitrari
730 3047 837 3112 potest,
852 3034 908 3095 nisi
927 3035 979 3113 qui
1000 3036 1110 3094 nnllam

120 3133 181 3194 vim
196 3152 261 3193 esse
275 3132 357 3192 ducit
372 3152 520 3193 numenve
534 3132 677 3204 divinum,
687 3152 776 3209 quem
790 3153 888 3210 neque
902 3132 1006 3211 imperi
1020 3131 1112 3193 nostri

119 3229 296 3306 magnitudo
310 3248 407 3306 neque
422 3230 467 3289 sol
481 3229 530 3289 ille
544 3249 601 3289 nec
617 3229 691 3290 caeli
711 3231 919 3306 signorumque
938 3242 1035 3288 motus
1054 3248 1111 3287 nec

119 3325 337 3386 vicissitudines
357 3345 454 3386 rerum
476 3338 566 3404 atque
586 3327 705 3389 ordines
725 3339 846 3388 movent
864 3346 969 3404 neque,
985 3326 1016 3387 id
1030 3327 1111 3402 quod

120 3422 281 3482 maximum
296 3433 348 3497 est,
360 3423 503 3482 maiorum
514 3423 667 3500 sapientia,
679 3423 730 3501 qui
741 3443 831 3499 sacra,
843 3422 895 3502 qui
908 3423 1118 3488 caerimonias,
