<?xml version="1.0" encoding="UTF-8"?>
<!DOCTYPE html PUBLIC "-//W3C//DTD XHTML 1.0 Transitional//EN"
    "http://www.w3.org/TR/xhtml1/DTD/xhtml1-transitional.dtd">
<html xmlns="http://www.w3.org/1999/xhtml" xml:lang="en" lang="en">
 <head>
  <title>
</title>
<meta http-equiv="Content-Type" content="text/html;charset=utf-8" />
  <meta name='ocr-system' content='tesseract 3.04.00' />
  <meta name='ocr-capabilities' content='ocr_page ocr_carea ocr_par ocr_line ocrx_word'/>
</head>
<body>
  <div class='ocr_page' id='page_1' title='image "./mtulliciceronis03cicegoog_0149.png"; bbox 0 0 2430 3772; ppageno 0'>
   <div class='ocr_carea' id='block_1_1' title="bbox 138 192 886 266">
    <p class='ocr_par' dir='ltr' id='par_1_1' title="bbox 138 192 886 266">
     <span class='ocr_line' id='line_1_1' title="bbox 138 192 886 266; baseline 0.003 -15"><span class='ocrx_word' id='word_1_1' title='bbox 138 211 195 266; x_wconf 84' lang='lat'>144</span> <span class='ocrx_word' id='word_1_2' title='bbox 380 192 469 253; x_wconf 87' lang='lat' dir='ltr'>PRO</span> <span class='ocrx_word' id='word_1_3' title='bbox 494 192 680 253; x_wconf 85' lang='lat' dir='ltr'><em>MILONE</em></span> <span class='ocrx_word' id='word_1_4' title='bbox 710 193 886 255; x_wconf 85' lang='lat' dir='ltr'><em>ORATIO.</em></span> 
     </span>
    </p>
   </div>
   <div class='ocr_carea' id='block_1_2' title="bbox 80 318 1137 3560">
    <p class='ocr_par' dir='ltr' id='par_1_2' title="bbox 135 318 1137 451">
     <span class='ocr_line' id='line_1_2' title="bbox 135 318 1135 386; baseline 0.004 -19"><span class='ocrx_word' id='word_1_5' title='bbox 135 319 230 368; x_wconf 91' lang='lat' dir='ltr'>Album</span> <span class='ocrx_word' id='word_1_6' title='bbox 246 335 346 384; x_wconf 90' lang='lat' dir='ltr'>quoque</span> <span class='ocrx_word' id='word_1_7' title='bbox 366 318 483 376; x_wconf 92' lang='lat' dir='ltr'>iudicum,</span> <span class='ocrx_word' id='word_1_8' title='bbox 500 319 543 385; x_wconf 92' lang='lat' dir='ltr'>qui</span> <span class='ocrx_word' id='word_1_9' title='bbox 559 321 592 369; x_wconf 91' lang='lat' dir='ltr'>de</span> <span class='ocrx_word' id='word_1_10' title='bbox 608 336 638 369; x_wconf 89' lang='lat' dir='ltr'>ea</span> <span class='ocrx_word' id='word_1_11' title='bbox 655 337 681 370; x_wconf 90' lang='lat' dir='ltr'>re</span> <span class='ocrx_word' id='word_1_12' title='bbox 698 320 843 382; x_wconf 87' lang='lat' dir='ltr'>iudicarent,</span> <span class='ocrx_word' id='word_1_13' title='bbox 863 321 998 386; x_wconf 89' lang='lat' dir='ltr'>Pompeius</span> <span class='ocrx_word' id='word_1_14' title='bbox 1013 321 1063 371; x_wconf 89' lang='lat' dir='ltr'>tale</span> <span class='ocrx_word' id='word_1_15' title='bbox 1079 337 1135 386; x_wconf 90' lang='lat' dir='ltr'>pro·</span> 
     </span>
     <span class='ocr_line' id='line_1_3' title="bbox 135 385 1137 451; baseline 0.002 -17"><span class='ocrx_word' id='word_1_16' title='bbox 135 385 225 449; x_wconf 80' lang='lat' dir='ltr'>posuit,</span> <span class='ocrx_word' id='word_1_17' title='bbox 243 394 270 432; x_wconf 89' lang='lat' dir='ltr'>ut</span> <span class='ocrx_word' id='word_1_18' title='bbox 287 400 422 448; x_wconf 88' lang='lat' dir='ltr'><strong>numquam</strong></span> <span class='ocrx_word' id='word_1_19' title='bbox 439 400 521 448; x_wconf 91' lang='lat' dir='ltr'>neque</span> <span class='ocrx_word' id='word_1_20' title='bbox 537 385 652 434; x_wconf 89' lang='lat' dir='ltr'>clariores</span> <span class='ocrx_word' id='word_1_21' title='bbox 666 385 733 434; x_wconf 91' lang='lat' dir='ltr'>viros</span> <span class='ocrx_word' id='word_1_22' title='bbox 748 402 830 451; x_wconf 90' lang='lat' dir='ltr'>neque</span> <span class='ocrx_word' id='word_1_23' title='bbox 846 388 980 436; x_wconf 87' lang='lat' dir='ltr'>sanctiores</span> <span class='ocrx_word' id='word_1_24' title='bbox 996 402 1042 451; x_wconf 89' lang='lat' dir='ltr'>pro</span> <span class='ocrx_word' id='word_1_25' title='bbox 1060 389 1137 436; x_wconf 91' lang='lat' dir='ltr'>ositos</span> 
     </span>
    </p>

    <p class='ocr_par' dir='ltr' id='par_1_3' title="bbox 86 403 1136 902">
     <span class='ocr_line' id='line_1_4' title="bbox 86 403 1136 515; baseline 0.003 -17"><span class='ocrx_word' id='word_1_26' title='bbox 86 447 124 506; x_wconf 86' lang='grc'>40</span> <span class='ocrx_word' id='word_1_27' title='bbox 136 464 189 498; x_wconf 88' lang='lat' dir='ltr'>esse</span> <span class='ocrx_word' id='word_1_28' title='bbox 205 455 335 497; x_wconf 91' lang='lat' dir='ltr'>constaret.</span> <span class='ocrx_word' id='word_1_29' title='bbox 373 449 432 497; x_wconf 84' lang='lat' dir='ltr'>Post</span> <span class='ocrx_word' id='word_1_30' title='bbox 443 449 511 512; x_wconf 90' lang='lat' dir='ltr'>quod</span> <span class='ocrx_word' id='word_1_31' title='bbox 527 451 611 499; x_wconf 87' lang='lat' dir='ltr'>statim</span> <span class='ocrx_word' id='word_1_32' title='bbox 628 466 694 499; x_wconf 89' lang='lat' dir='ltr'>nova</span> <span class='ocrx_word' id='word_1_33' title='bbox 708 451 764 515; x_wconf 89' lang='lat' dir='ltr'>lege</span> <span class='ocrx_word' id='word_1_34' title='bbox 779 451 843 500; x_wconf 93' lang='lat' dir='ltr'>Milo</span> <span class='ocrx_word' id='word_1_35' title='bbox 858 451 997 514; x_wconf 90' lang='lat' dir='ltr'>postulatus</span> <span class='ocrx_word' id='word_1_36' title='bbox 1011 467 1027 500; x_wconf 94' lang='lat' dir='ltr'>a</span> <span class='ocrx_word' id='word_1_37' title='bbox 1037 403 1136 501; x_wconf 73' lang='lat' dir='ltr'>duobus</span> 
     </span>
     <span class='ocr_line' id='line_1_5' title="bbox 136 513 1136 580; baseline 0.004 -19"><span class='ocrx_word' id='word_1_38' title='bbox 136 513 228 577; x_wconf 83' lang='lat' dir='ltr'>Appiis</span> <span class='ocrx_word' id='word_1_39' title='bbox 239 513 351 563; x_wconf 90' lang='lat' dir='ltr'>Claudiis</span> <span class='ocrx_word' id='word_1_40' title='bbox 362 513 568 575; x_wconf 85' lang='lat' dir='ltr'>adulescentibus,</span> <span class='ocrx_word' id='word_1_41' title='bbox 583 515 661 564; x_wconf 91' lang='lat' dir='ltr'>isdem</span> <span class='ocrx_word' id='word_1_42' title='bbox 673 533 688 565; x_wconf 97' lang='lat' dir='ltr'>a</span> <span class='ocrx_word' id='word_1_43' title='bbox 699 517 789 580; x_wconf 91' lang='lat' dir='ltr'>quibus</span> <span class='ocrx_word' id='word_1_44' title='bbox 802 523 876 564; x_wconf 87' lang='lat' dir='ltr'>antea</span> <span class='ocrx_word' id='word_1_45' title='bbox 886 516 981 564; x_wconf 81' lang='lat' dir='ltr'>familia</span> <span class='ocrx_word' id='word_1_46' title='bbox 992 516 1045 565; x_wconf 91' lang='lat' dir='ltr'>eius</span> <span class='ocrx_word' id='word_1_47' title='bbox 1056 517 1136 565; x_wconf 89' lang='lat' dir='ltr'>suerat</span> 
     </span>
     <span class='ocr_line' id='line_1_6' title="bbox 135 577 1136 644; baseline 0.004 -18"><span class='ocrx_word' id='word_1_48' title='bbox 135 577 268 642; x_wconf 86' lang='lat' dir='ltr'>postulata,</span> <span class='ocrx_word' id='word_1_49' title='bbox 280 578 389 642; x_wconf 87' lang='lat' dir='ltr'>itemque</span> <span class='ocrx_word' id='word_1_50' title='bbox 400 579 432 627; x_wconf 93' lang='lat' dir='ltr'>de</span> <span class='ocrx_word' id='word_1_51' title='bbox 446 579 543 628; x_wconf 88' lang='lat' dir='ltr'>ambitu</span> <span class='ocrx_word' id='word_1_52' title='bbox 553 581 586 629; x_wconf 85' lang='lat' dir='ltr'>ab</span> <span class='ocrx_word' id='word_1_53' title='bbox 601 580 680 629; x_wconf 87' lang='lat' dir='ltr'>isdem</span> <span class='ocrx_word' id='word_1_54' title='bbox 692 580 784 644; x_wconf 89' lang='lat' dir='ltr'>Appiis</span> <span class='ocrx_word' id='word_1_55' title='bbox 794 588 820 630; x_wconf 88' lang='lat' dir='ltr'>et</span> <span class='ocrx_word' id='word_1_56' title='bbox 834 590 962 644; x_wconf 87' lang='lat' dir='ltr'>praeterea</span> <span class='ocrx_word' id='word_1_57' title='bbox 972 596 1029 639; x_wconf 87' lang='lat' dir='ltr'>a...,</span> <span class='ocrx_word' id='word_1_58' title='bbox 1040 581 1073 629; x_wconf 93' lang='lat' dir='ltr'>de</span> <span class='ocrx_word' id='word_1_59' title='bbox 1084 581 1109 629; x_wconf 88' lang='lat' dir='ltr'>vi</span> <span class='ocrx_word' id='word_1_60' title='bbox 1121 597 1136 630; x_wconf 89' lang='lat' dir='ltr'>a</span> 
     </span>
     <span class='ocr_line' id='line_1_7' title="bbox 136 642 1135 704; baseline 0.001 -12"><span class='ocrx_word' id='word_1_61' title='bbox 136 642 169 704; x_wconf 87' lang='lat' dir='ltr'>Q.</span> <span class='ocrx_word' id='word_1_62' title='bbox 181 644 293 693; x_wconf 90' lang='lat' dir='ltr'>Patulcio</span> <span class='ocrx_word' id='word_1_63' title='bbox 308 650 333 692; x_wconf 92' lang='lat' dir='ltr'>et</span> <span class='ocrx_word' id='word_1_64' title='bbox 344 644 375 692; x_wconf 92' lang='lat' dir='ltr'>L.</span> <span class='ocrx_word' id='word_1_65' title='bbox 388 643 531 701; x_wconf 90' lang='lat' dir='ltr'>Cornificio,</span> <span class='ocrx_word' id='word_1_66' title='bbox 543 645 576 694; x_wconf 90' lang='lat' dir='ltr'>de</span> <span class='ocrx_word' id='word_1_67' title='bbox 590 645 715 694; x_wconf 83' lang='lat' dir='ltr'>sodaliciis</span> <span class='ocrx_word' id='word_1_68' title='bbox 728 661 745 694; x_wconf 89' lang='lat' dir='ltr'>a</span> <span class='ocrx_word' id='word_1_69' title='bbox 760 646 788 694; x_wconf 94' lang='lat' dir='ltr'>P.</span> <span class='ocrx_word' id='word_1_70' title='bbox 803 645 893 694; x_wconf 88' lang='lat' dir='ltr'>Fulvio</span> <span class='ocrx_word' id='word_1_71' title='bbox 909 646 1012 694; x_wconf 90' lang='lat' dir='ltr'>Nerato.</span> <span class='ocrx_word' id='word_1_72' title='bbox 1048 646 1135 693; x_wconf 90' lang='lat' dir='ltr'>Postu·</span> 
     </span>
     <span class='ocr_line' id='line_1_8' title="bbox 134 706 1135 773; baseline 0.003 -18"><span class='ocrx_word' id='word_1_73' title='bbox 134 706 198 756; x_wconf 89' lang='lat' dir='ltr'>latus</span> <span class='ocrx_word' id='word_1_74' title='bbox 215 717 298 758; x_wconf 87' lang='lat' dir='ltr'>autem</span> <span class='ocrx_word' id='word_1_75' title='bbox 315 715 368 758; x_wconf 90' lang='lat' dir='ltr'>erat</span> <span class='ocrx_word' id='word_1_76' title='bbox 387 718 412 758; x_wconf 91' lang='lat' dir='ltr'>et</span> <span class='ocrx_word' id='word_1_77' title='bbox 429 710 462 758; x_wconf 89' lang='lat' dir='ltr'>de</span> <span class='ocrx_word' id='word_1_78' title='bbox 479 710 604 759; x_wconf 85' lang='lat' dir='ltr'>sodaliciis</span> <span class='ocrx_word' id='word_1_79' title='bbox 620 718 645 759; x_wconf 91' lang='lat' dir='ltr'>et</span> <span class='ocrx_word' id='word_1_80' title='bbox 664 711 697 759; x_wconf 93' lang='lat' dir='ltr'>de</span> <span class='ocrx_word' id='word_1_81' title='bbox 715 710 811 759; x_wconf 90' lang='lat' dir='ltr'>ambitu</span> <span class='ocrx_word' id='word_1_82' title='bbox 827 725 925 773; x_wconf 84' lang='lat' dir='ltr'>caspe,</span> <span class='ocrx_word' id='word_1_83' title='bbox 942 709 1011 773; x_wconf 93' lang='lat' dir='ltr'>quod</span> <span class='ocrx_word' id='word_1_84' title='bbox 1027 709 1135 773; x_wconf 91' lang='lat' dir='ltr'>primum</span> 
     </span>
     <span class='ocr_line' id='line_1_9' title="bbox 133 771 1135 840; baseline 0.004 -20"><span class='ocrx_word' id='word_1_85' title='bbox 133 771 252 822; x_wconf 90' lang='lat' dir='ltr'>iudicium</span> <span class='ocrx_word' id='word_1_86' title='bbox 267 774 299 823; x_wconf 92' lang='lat' dir='ltr'>de</span> <span class='ocrx_word' id='word_1_87' title='bbox 315 773 341 822; x_wconf 91' lang='lat' dir='ltr'>vi</span> <span class='ocrx_word' id='word_1_88' title='bbox 355 774 464 824; x_wconf 83' lang='lat' dir='ltr'>futurum</span> <span class='ocrx_word' id='word_1_89' title='bbox 481 777 624 840; x_wconf 79' lang='lat' dir='ltr'>apparebat,</span> <span class='ocrx_word' id='word_1_90' title='bbox 637 791 688 840; x_wconf 91' lang='lat' dir='ltr'>quo</span> <span class='ocrx_word' id='word_1_91' title='bbox 702 790 760 824; x_wconf 90' lang='lat' dir='ltr'>eum</span> <span class='ocrx_word' id='word_1_92' title='bbox 775 776 920 824; x_wconf 90' lang='lat' dir='ltr'>damnatum</span> <span class='ocrx_word' id='word_1_93' title='bbox 934 774 965 823; x_wconf 90' lang='lat' dir='ltr'>iri</span> <span class='ocrx_word' id='word_1_94' title='bbox 976 774 1135 824; x_wconf 87' lang='lat' dir='ltr'>confidebant</span> 
     </span>
     <span class='ocr_line' id='line_1_10' title="bbox 133 848 470 902; baseline 0.003 -16"><span class='ocrx_word' id='word_1_95' title='bbox 133 851 180 887; x_wconf 90' lang='lat' dir='ltr'>nec</span> <span class='ocrx_word' id='word_1_96' title='bbox 191 848 277 902; x_wconf 91' lang='lat' dir='ltr'>postea</span> <span class='ocrx_word' id='word_1_97' title='bbox 287 854 470 902; x_wconf 90' lang='lat' dir='ltr'>responsurum.</span> 
     </span>
    </p>

    <p class='ocr_par' dir='ltr' id='par_1_4' title="bbox 132 903 1135 2055">
     <span class='ocr_line' id='line_1_11' title="bbox 184 903 1132 968; baseline -0.001 -17"><span class='ocrx_word' id='word_1_98' title='bbox 184 903 314 952; x_wconf 88' lang='lat' dir='ltr'>Divinatio</span> <span class='ocrx_word' id='word_1_99' title='bbox 325 904 356 953; x_wconf 94' lang='lat' dir='ltr'>de</span> <span class='ocrx_word' id='word_1_100' title='bbox 368 904 463 953; x_wconf 88' lang='lat' dir='ltr'>ambitu</span> <span class='ocrx_word' id='word_1_101' title='bbox 477 911 648 952; x_wconf 86' lang='lat' dir='ltr'>accusatorum</span> <span class='ocrx_word' id='word_1_102' title='bbox 662 903 729 953; x_wconf 83' lang='lat' dir='ltr'>facta</span> <span class='ocrx_word' id='word_1_103' title='bbox 743 909 780 952; x_wconf 92' lang='lat' dir='ltr'>est</span> <span class='ocrx_word' id='word_1_104' title='bbox 792 904 931 968; x_wconf 85' lang='lat' dir='ltr'>quaesitore</span> <span class='ocrx_word' id='word_1_105' title='bbox 947 903 980 952; x_wconf 90' lang='lat' dir='ltr'>A.</span> <span class='ocrx_word' id='word_1_106' title='bbox 995 903 1132 967; x_wconf 81' lang='lat' dir='ltr'>Torquato,</span> 
     </span>
     <span class='ocr_line' id='line_1_12' title="bbox 134 967 1135 1033; baseline -0.003 -15"><span class='ocrx_word' id='word_1_107' title='bbox 134 975 209 1033; x_wconf 89' lang='lat' dir='ltr'>atque</span> <span class='ocrx_word' id='word_1_108' title='bbox 220 969 296 1017; x_wconf 89' lang='lat' dir='ltr'>ambo</span> <span class='ocrx_word' id='word_1_109' title='bbox 307 969 466 1032; x_wconf 84' lang='lat' dir='ltr'>quaesitores,</span> <span class='ocrx_word' id='word_1_110' title='bbox 475 969 617 1032; x_wconf 88' lang='lat' dir='ltr'>Torquatus</span> <span class='ocrx_word' id='word_1_111' title='bbox 625 976 650 1018; x_wconf 88' lang='lat' dir='ltr'>et</span> <span class='ocrx_word' id='word_1_112' title='bbox 659 969 794 1027; x_wconf 88' lang='lat' dir='ltr'>Domitius,</span> <span class='ocrx_word' id='word_1_113' title='bbox 804 969 883 1032; x_wconf 89' lang='lat' dir='ltr'>pridie</span> <span class='ocrx_word' id='word_1_114' title='bbox 892 970 959 1017; x_wconf 95' lang='lat' dir='ltr'>Non.</span> <span class='ocrx_word' id='word_1_115' title='bbox 972 967 1053 1032; x_wconf 87' lang='lat' dir='ltr'>April.</span> <span class='ocrx_word' id='word_1_116' title='bbox 1065 983 1135 1016; x_wconf 90' lang='lat' dir='ltr'>reum</span> 
     </span>
     <span class='ocr_line' id='line_1_13' title="bbox 134 1032 1135 1096; baseline -0.003 -13"><span class='ocrx_word' id='word_1_117' title='bbox 134 1035 221 1083; x_wconf 87' lang='lat' dir='ltr'>adesse</span> <span class='ocrx_word' id='word_1_118' title='bbox 232 1033 362 1082; x_wconf 91' lang='lat' dir='ltr'>iusserunt.</span> <span class='ocrx_word' id='word_1_119' title='bbox 399 1033 457 1095; x_wconf 88' lang='lat' dir='ltr'>Quo</span> <span class='ocrx_word' id='word_1_120' title='bbox 468 1033 510 1082; x_wconf 93' lang='lat' dir='ltr'>die</span> <span class='ocrx_word' id='word_1_121' title='bbox 522 1033 586 1083; x_wconf 93' lang='lat' dir='ltr'>Milo</span> <span class='ocrx_word' id='word_1_122' title='bbox 597 1033 630 1082; x_wconf 89' lang='lat' dir='ltr'>ad</span> <span class='ocrx_word' id='word_1_123' title='bbox 646 1033 743 1082; x_wconf 89' lang='lat' dir='ltr'>Domiti</span> <span class='ocrx_word' id='word_1_124' title='bbox 758 1032 867 1082; x_wconf 90' lang='lat' dir='ltr'>tribunal</span> <span class='ocrx_word' id='word_1_125' title='bbox 878 1034 954 1092; x_wconf 88' lang='lat' dir='ltr'>venit,</span> <span class='ocrx_word' id='word_1_126' title='bbox 968 1033 1001 1081; x_wconf 90' lang='lat' dir='ltr'>ad</span> <span class='ocrx_word' id='word_1_127' title='bbox 1012 1032 1135 1096; x_wconf 90' lang='lat' dir='ltr'>Torquati</span> 
     </span>
     <span class='ocr_line' id='line_1_14' title="bbox 134 1097 1135 1162; baseline -0.001 -15"><span class='ocrx_word' id='word_1_128' title='bbox 134 1099 228 1148; x_wconf 88' lang='lat' dir='ltr'>amicos</span> <span class='ocrx_word' id='word_1_129' title='bbox 245 1098 328 1159; x_wconf 90' lang='lat' dir='ltr'>misit;</span> <span class='ocrx_word' id='word_1_130' title='bbox 351 1097 387 1146; x_wconf 90' lang='lat' dir='ltr'>ibi</span> <span class='ocrx_word' id='word_1_131' title='bbox 406 1097 547 1161; x_wconf 87' lang='lat' dir='ltr'>postulante</span> <span class='ocrx_word' id='word_1_132' title='bbox 567 1114 612 1162; x_wconf 94' lang='lat' dir='ltr'>pro</span> <span class='ocrx_word' id='word_1_133' title='bbox 630 1113 662 1148; x_wconf 91' lang='lat' dir='ltr'>eo</span> <span class='ocrx_word' id='word_1_134' title='bbox 680 1098 718 1147; x_wconf 94' lang='lat' dir='ltr'>M.</span> <span class='ocrx_word' id='word_1_135' title='bbox 739 1098 861 1147; x_wconf 89' lang='lat' dir='ltr'>Marcello</span> <span class='ocrx_word' id='word_1_136' title='bbox 879 1098 994 1157; x_wconf 89' lang='lat' dir='ltr'>obtinuit,</span> <span class='ocrx_word' id='word_1_137' title='bbox 1014 1112 1047 1146; x_wconf 91' lang='lat' dir='ltr'>ne</span> <span class='ocrx_word' id='word_1_138' title='bbox 1065 1099 1135 1161; x_wconf 91' lang='lat' dir='ltr'>prius</span> 
     </span>
     <span class='ocr_line' id='line_1_15' title="bbox 134 1162 1134 1227; baseline -0.002 -15"><span class='ocrx_word' id='word_1_139' title='bbox 134 1179 233 1213; x_wconf 88' lang='lat' dir='ltr'>causam</span> <span class='ocrx_word' id='word_1_140' title='bbox 245 1164 277 1213; x_wconf 90' lang='lat' dir='ltr'>de</span> <span class='ocrx_word' id='word_1_141' title='bbox 288 1163 382 1212; x_wconf 91' lang='lat' dir='ltr'>ambitu</span> <span class='ocrx_word' id='word_1_142' title='bbox 394 1163 495 1222; x_wconf 89' lang='lat' dir='ltr'>diceret,</span> <span class='ocrx_word' id='word_1_143' title='bbox 510 1178 586 1227; x_wconf 91' lang='lat' dir='ltr'>quam</span> <span class='ocrx_word' id='word_1_144' title='bbox 597 1163 629 1212; x_wconf 89' lang='lat' dir='ltr'>de</span> <span class='ocrx_word' id='word_1_145' title='bbox 639 1163 665 1212; x_wconf 86' lang='lat' dir='ltr'>vi</span> <span class='ocrx_word' id='word_1_146' title='bbox 676 1162 795 1211; x_wconf 89' lang='lat' dir='ltr'>iudicium</span> <span class='ocrx_word' id='word_1_147' title='bbox 807 1170 871 1211; x_wconf 90' lang='lat' dir='ltr'>esset</span> <span class='ocrx_word' id='word_1_148' title='bbox 882 1163 1024 1226; x_wconf 82' lang='lat' dir='ltr'>perfectum.</span> <span class='ocrx_word' id='word_1_149' title='bbox 1055 1162 1134 1227; x_wconf 87' lang='lat' dir='ltr'>Apud</span> 
     </span>
     <span class='ocr_line' id='line_1_16' title="bbox 134 1227 1134 1292; baseline 0 -15"><span class='ocrx_word' id='word_1_150' title='bbox 134 1229 275 1277; x_wconf 91' lang='lat' dir='ltr'>Domitium</span> <span class='ocrx_word' id='word_1_151' title='bbox 286 1235 369 1276; x_wconf 88' lang='lat' dir='ltr'>autem</span> <span class='ocrx_word' id='word_1_152' title='bbox 381 1228 545 1291; x_wconf 89' lang='lat' dir='ltr'>quaesitorem</span> <span class='ocrx_word' id='word_1_153' title='bbox 557 1229 637 1276; x_wconf 88' lang='lat' dir='ltr'>maior</span> <span class='ocrx_word' id='word_1_154' title='bbox 648 1228 746 1292; x_wconf 89' lang='lat' dir='ltr'>Appius</span> <span class='ocrx_word' id='word_1_155' title='bbox 758 1227 895 1292; x_wconf 87' lang='lat' dir='ltr'>postulavit</span> <span class='ocrx_word' id='word_1_156' title='bbox 905 1243 921 1277; x_wconf 89' lang='lat' dir='ltr'>a</span> <span class='ocrx_word' id='word_1_157' title='bbox 937 1227 1034 1276; x_wconf 89' lang='lat' dir='ltr'>Milone</span> <span class='ocrx_word' id='word_1_158' title='bbox 1049 1242 1134 1277; x_wconf 91' lang='lat' dir='ltr'>servos</span> 
     </span>
     <span class='ocr_line' id='line_1_17' title="bbox 133 1292 1133 1357; baseline -0.003 -14"><span class='ocrx_word' id='word_1_159' title='bbox 133 1293 245 1343; x_wconf 87' lang='lat' dir='ltr'>exhiberi</span> <span class='ocrx_word' id='word_1_160' title='bbox 256 1308 358 1341; x_wconf 90' lang='lat' dir='ltr'>numero</span> <span class='ocrx_word' id='word_1_161' title='bbox 371 1305 405 1340; x_wconf 92' lang='lat'>111</span> <span class='ocrx_word' id='word_1_162' title='bbox 417 1298 443 1342; x_wconf 92' lang='lat' dir='ltr'>et</span> <span class='ocrx_word' id='word_1_163' title='bbox 457 1304 482 1351; x_wconf 86' lang='lat' dir='ltr'>L,</span> <span class='ocrx_word' id='word_1_164' title='bbox 496 1300 522 1341; x_wconf 91' lang='lat' dir='ltr'>et</span> <span class='ocrx_word' id='word_1_165' title='bbox 536 1308 592 1341; x_wconf 91' lang='lat' dir='ltr'>cum</span> <span class='ocrx_word' id='word_1_166' title='bbox 608 1292 650 1342; x_wconf 92' lang='lat' dir='ltr'>ille</span> <span class='ocrx_word' id='word_1_167' title='bbox 665 1300 768 1357; x_wconf 85' lang='lat' dir='ltr'>negaret</span> <span class='ocrx_word' id='word_1_168' title='bbox 782 1307 825 1342; x_wconf 90' lang='lat' dir='ltr'>eos</span> <span class='ocrx_word' id='word_1_169' title='bbox 840 1292 884 1356; x_wconf 92' lang='lat' dir='ltr'>qui</span> <span class='ocrx_word' id='word_1_170' title='bbox 898 1293 1092 1341; x_wconf 88' lang='lat' dir='ltr'>nominabantur</span> <span class='ocrx_word' id='word_1_171' title='bbox 1106 1293 1133 1341; x_wconf 91' lang='lat' dir='ltr'>in</span> 
     </span>
     <span class='ocr_line' id='line_1_18' title="bbox 134 1357 1133 1422; baseline -0.001 -15"><span class='ocrx_word' id='word_1_172' title='bbox 134 1374 178 1407; x_wconf 90' lang='lat' dir='ltr'>sua</span> <span class='ocrx_word' id='word_1_173' title='bbox 193 1365 317 1422; x_wconf 88' lang='lat' dir='ltr'>potestate</span> <span class='ocrx_word' id='word_1_174' title='bbox 333 1373 393 1416; x_wconf 91' lang='lat' dir='ltr'>esse,</span> <span class='ocrx_word' id='word_1_175' title='bbox 411 1357 538 1406; x_wconf 88' lang='lat' dir='ltr'>Domitius</span> <span class='ocrx_word' id='word_1_176' title='bbox 554 1373 584 1406; x_wconf 92' lang='lat' dir='ltr'>ex</span> <span class='ocrx_word' id='word_1_177' title='bbox 600 1359 723 1407; x_wconf 88' lang='lat' dir='ltr'>sententia</span> <span class='ocrx_word' id='word_1_178' title='bbox 738 1357 848 1407; x_wconf 89' lang='lat' dir='ltr'>iudicum</span> <span class='ocrx_word' id='word_1_179' title='bbox 865 1357 1042 1421; x_wconf 92' lang='lat' dir='ltr'>pronuntiavit,</span> <span class='ocrx_word' id='word_1_180' title='bbox 1057 1365 1085 1406; x_wconf 93' lang='lat' dir='ltr'>ut</span> <span class='ocrx_word' id='word_1_181' title='bbox 1102 1373 1133 1406; x_wconf 92' lang='lat' dir='ltr'>ex</span> 
     </span>
     <span class='ocr_line' id='line_1_19' title="bbox 133 1422 1133 1487; baseline 0 -15"><span class='ocrx_word' id='word_1_182' title='bbox 133 1439 260 1472; x_wconf 89' lang='lat' dir='ltr'>servorum</span> <span class='ocrx_word' id='word_1_183' title='bbox 274 1438 374 1471; x_wconf 90' lang='lat' dir='ltr'>suorum</span> <span class='ocrx_word' id='word_1_184' title='bbox 389 1437 493 1471; x_wconf 90' lang='lat' dir='ltr'>numero</span> <span class='ocrx_word' id='word_1_185' title='bbox 507 1430 637 1471; x_wconf 88' lang='lat' dir='ltr'>accusator</span> <span class='ocrx_word' id='word_1_186' title='bbox 651 1430 713 1487; x_wconf 91' lang='lat' dir='ltr'>quot</span> <span class='ocrx_word' id='word_1_187' title='bbox 727 1423 804 1472; x_wconf 89' lang='lat' dir='ltr'>vellet</span> <span class='ocrx_word' id='word_1_188' title='bbox 820 1423 911 1472; x_wconf 90' lang='lat' dir='ltr'>ederet.</span> <span class='ocrx_word' id='word_1_189' title='bbox 948 1423 1025 1472; x_wconf 90' lang='lat' dir='ltr'>Citati</span> <span class='ocrx_word' id='word_1_190' title='bbox 1041 1422 1133 1472; x_wconf 89' lang='lat' dir='ltr'>deinde</span> 
     </span>
     <span class='ocr_line' id='line_1_20' title="bbox 133 1487 1132 1552; baseline -0.001 -15"><span class='ocrx_word' id='word_1_191' title='bbox 133 1494 208 1537; x_wconf 90' lang='lat' dir='ltr'>testes</span> <span class='ocrx_word' id='word_1_192' title='bbox 219 1487 354 1537; x_wconf 91' lang='lat' dir='ltr'>secundum</span> <span class='ocrx_word' id='word_1_193' title='bbox 365 1487 454 1552; x_wconf 88' lang='lat' dir='ltr'>legem,</span> <span class='ocrx_word' id='word_1_194' title='bbox 468 1502 540 1551; x_wconf 90' lang='lat' dir='ltr'>quae,</span> <span class='ocrx_word' id='word_1_195' title='bbox 553 1493 667 1552; x_wconf 88' lang='lat' dir='ltr'>utsupra</span> <span class='ocrx_word' id='word_1_196' title='bbox 682 1487 796 1547; x_wconf 86' lang='lat' dir='ltr'>diximus,</span> <span class='ocrx_word' id='word_1_197' title='bbox 810 1487 921 1547; x_wconf 88' lang='lat' dir='ltr'>iubebat,</span> <span class='ocrx_word' id='word_1_198' title='bbox 935 1494 963 1536; x_wconf 92' lang='lat' dir='ltr'>ut</span> <span class='ocrx_word' id='word_1_199' title='bbox 978 1489 1045 1552; x_wconf 89' lang='lat' dir='ltr'>prius</span> <span class='ocrx_word' id='word_1_200' title='bbox 1056 1503 1132 1552; x_wconf 91' lang='lat' dir='ltr'>quam</span> 
     </span>
     <span class='ocr_line' id='line_1_21' title="bbox 132 1552 1132 1616; baseline -0.001 -14"><span class='ocrx_word' id='word_1_201' title='bbox 132 1568 208 1602; x_wconf 89' lang='lat' dir='ltr'>causa</span> <span class='ocrx_word' id='word_1_202' title='bbox 218 1559 338 1616; x_wconf 87' lang='lat' dir='ltr'>ageretur,</span> <span class='ocrx_word' id='word_1_203' title='bbox 352 1558 428 1602; x_wconf 89' lang='lat' dir='ltr'>testes</span> <span class='ocrx_word' id='word_1_204' title='bbox 439 1552 604 1616; x_wconf 89' lang='lat' dir='ltr'>pertriduum</span> <span class='ocrx_word' id='word_1_205' title='bbox 614 1553 765 1613; x_wconf 87' lang='lat' dir='ltr'>audirentur,</span> <span class='ocrx_word' id='word_1_206' title='bbox 778 1552 848 1601; x_wconf 91' lang='lat' dir='ltr'>dicta</span> <span class='ocrx_word' id='word_1_207' title='bbox 863 1568 948 1601; x_wconf 90' lang='lat' dir='ltr'>eorum</span> <span class='ocrx_word' id='word_1_208' title='bbox 963 1553 1058 1602; x_wconf 90' lang='lat' dir='ltr'>iudices</span> <span class='ocrx_word' id='word_1_209' title='bbox 1073 1569 1132 1602; x_wconf 90' lang='lat' dir='ltr'>con·</span> 
     </span>
     <span class='ocr_line' id='line_1_22' title="bbox 132 1617 1132 1681; baseline 0.001 -15"><span class='ocrx_word' id='word_1_210' title='bbox 132 1617 267 1678; x_wconf 88' lang='lat' dir='ltr'>firmarent,</span> <span class='ocrx_word' id='word_1_211' title='bbox 281 1624 369 1681; x_wconf 88' lang='lat' dir='ltr'>quarta</span> <span class='ocrx_word' id='word_1_212' title='bbox 378 1617 421 1667; x_wconf 90' lang='lat' dir='ltr'>die</span> <span class='ocrx_word' id='word_1_213' title='bbox 436 1618 521 1666; x_wconf 88' lang='lat' dir='ltr'>adesse</span> <span class='ocrx_word' id='word_1_214' title='bbox 536 1633 624 1666; x_wconf 91' lang='lat' dir='ltr'>omnes</span> <span class='ocrx_word' id='word_1_215' title='bbox 637 1617 788 1678; x_wconf 89' lang='lat' dir='ltr'>iuberentur,</span> <span class='ocrx_word' id='word_1_216' title='bbox 802 1633 832 1666; x_wconf 89' lang='lat' dir='ltr'>ac</span> <span class='ocrx_word' id='word_1_217' title='bbox 847 1633 931 1666; x_wconf 88' lang='lat' dir='ltr'>coram</span> <span class='ocrx_word' id='word_1_218' title='bbox 946 1625 1087 1667; x_wconf 86' lang='lat' dir='ltr'>accusatore</span> <span class='ocrx_word' id='word_1_219' title='bbox 1102 1634 1132 1668; x_wconf 90' lang='lat' dir='ltr'>ac</span> 
     </span>
     <span class='ocr_line' id='line_1_23' title="bbox 133 1681 1133 1747; baseline 0 -16"><span class='ocrx_word' id='word_1_220' title='bbox 133 1699 176 1732; x_wconf 89' lang='lat' dir='ltr'>reo</span> <span class='ocrx_word' id='word_1_221' title='bbox 187 1683 261 1746; x_wconf 90' lang='lat' dir='ltr'>pilae,</span> <span class='ocrx_word' id='word_1_222' title='bbox 276 1681 302 1729; x_wconf 92' lang='lat' dir='ltr'>in</span> <span class='ocrx_word' id='word_1_223' title='bbox 313 1682 402 1747; x_wconf 90' lang='lat' dir='ltr'>quibus</span> <span class='ocrx_word' id='word_1_224' title='bbox 413 1683 516 1731; x_wconf 93' lang='lat' dir='ltr'>nomina</span> <span class='ocrx_word' id='word_1_225' title='bbox 525 1682 636 1731; x_wconf 87' lang='lat' dir='ltr'>iudicum</span> <span class='ocrx_word' id='word_1_226' title='bbox 647 1682 766 1747; x_wconf 88' lang='lat' dir='ltr'>inscripta</span> <span class='ocrx_word' id='word_1_227' title='bbox 777 1690 866 1742; x_wconf 89' lang='lat' dir='ltr'>essent,</span> <span class='ocrx_word' id='word_1_228' title='bbox 880 1689 1058 1746; x_wconf 89' lang='lat' dir='ltr'>aequarentur;</span> <span class='ocrx_word' id='word_1_229' title='bbox 1073 1683 1133 1731; x_wconf 89' lang='lat' dir='ltr'>dein</span> 
     </span>
     <span class='ocr_line' id='line_1_24' title="bbox 132 1747 1132 1812; baseline 0.001 -16"><span class='ocrx_word' id='word_1_230' title='bbox 132 1763 216 1796; x_wconf 89' lang='lat' dir='ltr'>rursus</span> <span class='ocrx_word' id='word_1_231' title='bbox 232 1747 329 1797; x_wconf 90' lang='lat' dir='ltr'>sortitio</span> <span class='ocrx_word' id='word_1_232' title='bbox 345 1747 455 1796; x_wconf 91' lang='lat' dir='ltr'>iudicum</span> <span class='ocrx_word' id='word_1_233' title='bbox 472 1747 549 1804; x_wconf 87' lang='lat' dir='ltr'>tieret,</span> <span class='ocrx_word' id='word_1_234' title='bbox 561 1747 633 1797; x_wconf 88' lang='lat' dir='ltr'>unius</span> <span class='ocrx_word' id='word_1_235' title='bbox 650 1754 676 1797; x_wconf 88' lang='lat' dir='ltr'>et</span> <span class='ocrx_word' id='word_1_236' title='bbox 692 1760 787 1797; x_wconf 67' lang='lat' dir='ltr'>Lxxxx</span> <span class='ocrx_word' id='word_1_237' title='bbox 800 1747 845 1812; x_wconf 88' lang='lat' dir='ltr'>qui</span> <span class='ocrx_word' id='word_1_238' title='bbox 860 1762 976 1796; x_wconf 89' lang='lat' dir='ltr'>numerus</span> <span class='ocrx_word' id='word_1_239' title='bbox 992 1762 1049 1795; x_wconf 91' lang='lat' dir='ltr'>curn</span> <span class='ocrx_word' id='word_1_240' title='bbox 1066 1756 1132 1797; x_wconf 89' lang='lat' dir='ltr'>sorte</span> 
     </span>
     <span class='ocr_line' id='line_1_25' title="bbox 133 1811 1132 1876; baseline 0 -15"><span class='ocrx_word' id='word_1_241' title='bbox 133 1813 268 1876; x_wconf 82' lang='lat' dir='ltr'>obtigisset,</span> <span class='ocrx_word' id='word_1_242' title='bbox 283 1812 331 1876; x_wconf 93' lang='lat' dir='ltr'>ipsi</span> <span class='ocrx_word' id='word_1_243' title='bbox 341 1811 454 1875; x_wconf 91' lang='lat' dir='ltr'>protinus</span> <span class='ocrx_word' id='word_1_244' title='bbox 465 1827 558 1860; x_wconf 89' lang='lat' dir='ltr'>sessum</span> <span class='ocrx_word' id='word_1_245' title='bbox 570 1812 633 1861; x_wconf 90' lang='lat' dir='ltr'>irent</span> <span class='ocrx_word' id='word_1_246' title='bbox 639 1829 647 1872; x_wconf 89' lang='lat'>;</span> <span class='ocrx_word' id='word_1_247' title='bbox 664 1819 718 1861; x_wconf 91' lang='lat' dir='ltr'>tum</span> <span class='ocrx_word' id='word_1_248' title='bbox 731 1813 764 1861; x_wconf 82' lang='lat' dir='ltr'>ad</span> <span class='ocrx_word' id='word_1_249' title='bbox 780 1813 912 1862; x_wconf 91' lang='lat' dir='ltr'>dicendum</span> <span class='ocrx_word' id='word_1_250' title='bbox 928 1819 1056 1860; x_wconf 87' lang='lat' dir='ltr'>accusator</span> <span class='ocrx_word' id='word_1_251' title='bbox 1070 1813 1132 1861; x_wconf 89' lang='lat' dir='ltr'>duas</span> 
     </span>
     <span class='ocr_line' id='line_1_26' title="bbox 132 1875 1131 1941; baseline 0.001 -16"><span class='ocrx_word' id='word_1_252' title='bbox 132 1876 214 1933; x_wconf 89' lang='lat' dir='ltr'>horas,</span> <span class='ocrx_word' id='word_1_253' title='bbox 227 1893 283 1926; x_wconf 92' lang='lat' dir='ltr'>reus</span> <span class='ocrx_word' id='word_1_254' title='bbox 294 1884 344 1925; x_wconf 89' lang='lat' dir='ltr'>tres</span> <span class='ocrx_word' id='word_1_255' title='bbox 355 1875 465 1935; x_wconf 91' lang='lat' dir='ltr'>haberet,</span> <span class='ocrx_word' id='word_1_256' title='bbox 480 1892 567 1941; x_wconf 88' lang='lat' dir='ltr'>resque</span> <span class='ocrx_word' id='word_1_257' title='bbox 582 1878 670 1926; x_wconf 90' lang='lat' dir='ltr'>eodem</span> <span class='ocrx_word' id='word_1_258' title='bbox 682 1878 723 1926; x_wconf 93' lang='lat' dir='ltr'>die</span> <span class='ocrx_word' id='word_1_259' title='bbox 734 1878 779 1927; x_wconf 91' lang='lat' dir='ltr'>illo</span> <span class='ocrx_word' id='word_1_260' title='bbox 789 1878 955 1938; x_wconf 79' lang='lat' dir='ltr'>iudicaretur;</span> <span class='ocrx_word' id='word_1_261' title='bbox 969 1877 1037 1940; x_wconf 90' lang='lat' dir='ltr'>prius</span> <span class='ocrx_word' id='word_1_262' title='bbox 1048 1884 1131 1926; x_wconf 89' lang='lat' dir='ltr'>autem</span> 
     </span>
     <span class='ocr_line' id='line_1_27' title="bbox 132 1940 1132 2055; baseline -0.001 -64"><span class='ocrx_word' id='word_1_263' title='bbox 132 1957 207 2055; x_wconf 71' lang='lat' dir='ltr'>quam</span> <span class='ocrx_word' id='word_1_264' title='bbox 223 1941 360 1991; x_wconf 89' lang='lat' dir='ltr'>sententiae</span> <span class='ocrx_word' id='word_1_265' title='bbox 373 1940 502 2001; x_wconf 83' lang='lat' dir='ltr'>ferrentur,</span> <span class='ocrx_word' id='word_1_266' title='bbox 516 1941 604 2005; x_wconf 91' lang='lat' dir='ltr'>quinos</span> <span class='ocrx_word' id='word_1_267' title='bbox 619 1957 648 1990; x_wconf 90' lang='lat' dir='ltr'>ex</span> <span class='ocrx_word' id='word_1_268' title='bbox 664 1942 767 2006; x_wconf 86' lang='lat' dir='ltr'>singulis</span> <span class='ocrx_word' id='word_1_269' title='bbox 782 1942 910 1991; x_wconf 89' lang='lat' dir='ltr'>ordinibus</span> <span class='ocrx_word' id='word_1_270' title='bbox 925 1948 1060 2001; x_wconf 88' lang='lat' dir='ltr'>accusator,</span> <span class='ocrx_word' id='word_1_271' title='bbox 1075 1942 1132 1990; x_wconf 93' lang='lat' dir='ltr'>toti·</span> 
     </span>
    </p>

    <p class='ocr_par' dir='ltr' id='par_1_5' title="bbox 80 2000 1133 2135">
     <span class='ocr_line' id='line_1_28' title="bbox 80 2000 1133 2072; baseline -0.002 -14"><span class='ocrx_word' id='word_1_272' title='bbox 80 2000 116 2058; x_wconf 85' lang='lat'>41</span> <span class='ocrx_word' id='word_1_273' title='bbox 150 2023 190 2055; x_wconf 84' lang='lat' dir='ltr'>ern</span> <span class='ocrx_word' id='word_1_274' title='bbox 204 2022 260 2055; x_wconf 88' lang='lat' dir='ltr'>reus</span> <span class='ocrx_word' id='word_1_275' title='bbox 274 2007 383 2064; x_wconf 89' lang='lat' dir='ltr'>reiceret,</span> <span class='ocrx_word' id='word_1_276' title='bbox 398 2006 434 2054; x_wconf 90' lang='lat' dir='ltr'>ita</span> <span class='ocrx_word' id='word_1_277' title='bbox 448 2011 475 2055; x_wconf 93' lang='lat' dir='ltr'>ut</span> <span class='ocrx_word' id='word_1_278' title='bbox 490 2021 608 2055; x_wconf 89' lang='lat' dir='ltr'>numerus</span> <span class='ocrx_word' id='word_1_279' title='bbox 621 2006 731 2056; x_wconf 88' lang='lat' dir='ltr'>iudicum</span> <span class='ocrx_word' id='word_1_280' title='bbox 744 2008 930 2072; x_wconf 85' lang='lat' dir='ltr'>relinqueretur,</span> <span class='ocrx_word' id='word_1_281' title='bbox 944 2007 989 2071; x_wconf 90' lang='lat' dir='ltr'>qui</span> <span class='ocrx_word' id='word_1_282' title='bbox 997 2007 1133 2056; x_wconf 88' lang='lat' dir='ltr'>sententias</span> 
     </span>
     <span class='ocr_line' id='line_1_29' title="bbox 131 2070 540 2135; baseline -0.002 -15"><span class='ocrx_word' id='word_1_283' title='bbox 131 2070 230 2130; x_wconf 81' lang='lat' dir='ltr'>ferrent,</span> <span class='ocrx_word' id='word_1_284' title='bbox 243 2071 423 2135; x_wconf 86' lang='lat' dir='ltr'>quinquaginta</span> <span class='ocrx_word' id='word_1_285' title='bbox 434 2077 459 2119; x_wconf 93' lang='lat' dir='ltr'>et</span> <span class='ocrx_word' id='word_1_286' title='bbox 469 2085 540 2119; x_wconf 92' lang='lat' dir='ltr'>unus.</span> 
     </span>
    </p>

    <p class='ocr_par' dir='ltr' id='par_1_6' title="bbox 131 2134 1132 3494">
     <span class='ocr_line' id='line_1_30' title="bbox 182 2134 1131 2198; baseline 0.001 -14"><span class='ocrx_word' id='word_1_287' title='bbox 182 2137 266 2184; x_wconf 88' lang='lat' dir='ltr'>Primo</span> <span class='ocrx_word' id='word_1_288' title='bbox 277 2135 318 2184; x_wconf 90' lang='lat' dir='ltr'>die</span> <span class='ocrx_word' id='word_1_289' title='bbox 329 2136 402 2184; x_wconf 89' lang='lat' dir='ltr'>datus</span> <span class='ocrx_word' id='word_1_290' title='bbox 413 2140 465 2183; x_wconf 90' lang='lat' dir='ltr'>erat</span> <span class='ocrx_word' id='word_1_291' title='bbox 476 2135 503 2183; x_wconf 93' lang='lat' dir='ltr'>in</span> <span class='ocrx_word' id='word_1_292' title='bbox 515 2134 638 2185; x_wconf 90' lang='lat' dir='ltr'>Milonem</span> <span class='ocrx_word' id='word_1_293' title='bbox 650 2135 723 2185; x_wconf 86' lang='lat' dir='ltr'>testis</span> <span class='ocrx_word' id='word_1_294' title='bbox 731 2136 864 2186; x_wconf 83' lang='lat' dir='ltr'>Causinius·</span> <span class='ocrx_word' id='word_1_295' title='bbox 871 2135 972 2191; x_wconf 87' lang='lat' dir='ltr'>Schola,</span> <span class='ocrx_word' id='word_1_296' title='bbox 982 2136 1025 2198; x_wconf 90' lang='lat' dir='ltr'>qui</span> <span class='ocrx_word' id='word_1_297' title='bbox 1037 2151 1063 2184; x_wconf 92' lang='lat' dir='ltr'>se</span> <span class='ocrx_word' id='word_1_298' title='bbox 1075 2151 1131 2185; x_wconf 90' lang='lat' dir='ltr'>cum</span> 
     </span>
     <span class='ocr_line' id='line_1_31' title="bbox 133 2200 1132 2263; baseline -0.001 -13"><span class='ocrx_word' id='word_1_299' title='bbox 133 2201 162 2251; x_wconf 91' lang='lat' dir='ltr'>P.</span> <span class='ocrx_word' id='word_1_300' title='bbox 180 2201 272 2251; x_wconf 89' lang='lat' dir='ltr'>Clodio</span> <span class='ocrx_word' id='word_1_301' title='bbox 286 2200 368 2258; x_wconf 84' lang='lat' dir='ltr'>fuisse,</span> <span class='ocrx_word' id='word_1_302' title='bbox 380 2216 437 2253; x_wconf 81' lang='lat' dir='ltr'>cum</span> <span class='ocrx_word' id='word_1_303' title='bbox 452 2200 473 2249; x_wconf 92' lang='lat' dir='ltr'>is</span> <span class='ocrx_word' id='word_1_304' title='bbox 488 2200 583 2250; x_wconf 89' lang='lat' dir='ltr'>occisus</span> <span class='ocrx_word' id='word_1_305' title='bbox 598 2209 670 2260; x_wconf 91' lang='lat' dir='ltr'>esset,</span> <span class='ocrx_word' id='word_1_306' title='bbox 688 2200 759 2262; x_wconf 85' lang='lat' dir='ltr'>dixit,</span> <span class='ocrx_word' id='word_1_307' title='bbox 776 2202 981 2263; x_wconf 87' lang='lat' dir='ltr'>atrocitatemque</span> <span class='ocrx_word' id='word_1_308' title='bbox 999 2200 1034 2248; x_wconf 89' lang='lat' dir='ltr'>rei</span> <span class='ocrx_word' id='word_1_309' title='bbox 1052 2201 1132 2249; x_wconf 85' lang='lat' dir='ltr'>sactae</span> 
     </span>
     <span class='ocr_line' id='line_1_32' title="bbox 132 2265 1131 2331; baseline -0.001 -16"><span class='ocrx_word' id='word_1_310' title='bbox 132 2282 207 2331; x_wconf 90' lang='lat' dir='ltr'>quam</span> <span class='ocrx_word' id='word_1_311' title='bbox 218 2265 325 2315; x_wconf 87' lang='lat' dir='ltr'>maxime</span> <span class='ocrx_word' id='word_1_312' title='bbox 336 2265 417 2330; x_wconf 90' lang='lat' dir='ltr'>potuit</span> <span class='ocrx_word' id='word_1_313' title='bbox 428 2265 505 2314; x_wconf 89' lang='lat' dir='ltr'>auxit.</span> <span class='ocrx_word' id='word_1_314' title='bbox 539 2265 622 2328; x_wconf 86' lang='lat' dir='ltr'>Quem</span> <span class='ocrx_word' id='word_1_315' title='bbox 636 2281 694 2315; x_wconf 88' lang='lat' dir='ltr'>cum</span> <span class='ocrx_word' id='word_1_316' title='bbox 709 2265 860 2330; x_wconf 87' lang='lat' dir='ltr'>interrogare</span> <span class='ocrx_word' id='word_1_317' title='bbox 875 2267 912 2314; x_wconf 93' lang='lat' dir='ltr'>M.</span> <span class='ocrx_word' id='word_1_318' title='bbox 926 2265 1060 2314; x_wconf 87' lang='lat' dir='ltr'>Marcellus</span> <span class='ocrx_word' id='word_1_319' title='bbox 1076 2280 1131 2314; x_wconf 88' lang='lat' dir='ltr'>coe·</span> 
     </span>
     <span class='ocr_line' id='line_1_33' title="bbox 132 2329 1130 2396; baseline -0.001 -17"><span class='ocrx_word' id='word_1_320' title='bbox 132 2332 216 2396; x_wconf 92' lang='lat' dir='ltr'>pisset,</span> <span class='ocrx_word' id='word_1_321' title='bbox 227 2338 297 2380; x_wconf 91' lang='lat' dir='ltr'>tanto</span> <span class='ocrx_word' id='word_1_322' title='bbox 308 2332 415 2381; x_wconf 90' lang='lat' dir='ltr'>tumultu</span> <span class='ocrx_word' id='word_1_323' title='bbox 428 2331 566 2381; x_wconf 88' lang='lat' dir='ltr'>Clodianae</span> <span class='ocrx_word' id='word_1_324' title='bbox 577 2331 743 2380; x_wconf 89' lang='lat' dir='ltr'>multitudinis</span> <span class='ocrx_word' id='word_1_325' title='bbox 753 2329 937 2380; x_wconf 83' lang='lat' dir='ltr'>circumstantis</span> <span class='ocrx_word' id='word_1_326' title='bbox 944 2330 1074 2379; x_wconf 87' lang='lat' dir='ltr'>exterritus</span> <span class='ocrx_word' id='word_1_327' title='bbox 1086 2338 1130 2386; x_wconf 89' lang='lat' dir='ltr'>est,</span> 
     </span>
     <span class='ocr_line' id='line_1_34' title="bbox 132 2394 1131 2459; baseline -0.002 -14"><span class='ocrx_word' id='word_1_328' title='bbox 132 2404 160 2445; x_wconf 88' lang='lat' dir='ltr'>ut</span> <span class='ocrx_word' id='word_1_329' title='bbox 175 2397 227 2445; x_wconf 85' lang='lat' dir='ltr'>vim</span> <span class='ocrx_word' id='word_1_330' title='bbox 243 2397 357 2446; x_wconf 91' lang='lat' dir='ltr'>ultimam</span> <span class='ocrx_word' id='word_1_331' title='bbox 372 2397 463 2445; x_wconf 90' lang='lat' dir='ltr'>timens</span> <span class='ocrx_word' id='word_1_332' title='bbox 479 2396 506 2444; x_wconf 91' lang='lat' dir='ltr'>in</span> <span class='ocrx_word' id='word_1_333' title='bbox 521 2396 632 2446; x_wconf 89' lang='lat' dir='ltr'>tribunal</span> <span class='ocrx_word' id='word_1_334' title='bbox 648 2412 663 2445; x_wconf 89' lang='lat' dir='ltr'>a</span> <span class='ocrx_word' id='word_1_335' title='bbox 680 2396 793 2446; x_wconf 88' lang='lat' dir='ltr'>Domitio</span> <span class='ocrx_word' id='word_1_336' title='bbox 809 2395 965 2459; x_wconf 89' lang='lat' dir='ltr'>reciperetur.</span> <span class='ocrx_word' id='word_1_337' title='bbox 1002 2394 1085 2456; x_wconf 88' lang='lat' dir='ltr'>Quam</span> <span class='ocrx_word' id='word_1_338' title='bbox 1097 2395 1131 2443; x_wconf 91' lang='lat' dir='ltr'>ob</span> 
     </span>
     <span class='ocr_line' id='line_1_35' title="bbox 132 2459 1128 2524; baseline -0.002 -14"><span class='ocrx_word' id='word_1_339' title='bbox 132 2476 232 2510; x_wconf 88' lang='lat' dir='ltr'>causam</span> <span class='ocrx_word' id='word_1_340' title='bbox 249 2461 382 2511; x_wconf 88' lang='lat' dir='ltr'>Marcellus</span> <span class='ocrx_word' id='word_1_341' title='bbox 398 2461 493 2524; x_wconf 88' lang='lat' dir='ltr'>etipse</span> <span class='ocrx_word' id='word_1_342' title='bbox 510 2461 576 2510; x_wconf 93' lang='lat' dir='ltr'>Milo</span> <span class='ocrx_word' id='word_1_343' title='bbox 592 2477 607 2510; x_wconf 89' lang='lat' dir='ltr'>a</span> <span class='ocrx_word' id='word_1_344' title='bbox 624 2461 738 2510; x_wconf 89' lang='lat' dir='ltr'>Domitio</span> <span class='ocrx_word' id='word_1_345' title='bbox 757 2460 907 2524; x_wconf 89' lang='lat' dir='ltr'>praesidium</span> <span class='ocrx_word' id='word_1_346' title='bbox 926 2459 1128 2523; x_wconf 88' lang='lat' dir='ltr'>imploraverunt.</span> 
     </span>
     <span class='ocr_line' id='line_1_36' title="bbox 134 2524 1132 2590; baseline -0.004 -14"><span class='ocrx_word' id='word_1_347' title='bbox 134 2527 243 2576; x_wconf 90' lang='lat' dir='ltr'>Sedebat</span> <span class='ocrx_word' id='word_1_348' title='bbox 259 2542 290 2576; x_wconf 93' lang='lat' dir='ltr'>eo</span> <span class='ocrx_word' id='word_1_349' title='bbox 306 2533 418 2590; x_wconf 92' lang='lat' dir='ltr'>tempore</span> <span class='ocrx_word' id='word_1_350' title='bbox 438 2526 485 2574; x_wconf 89' lang='lat' dir='ltr'>Cn.</span> <span class='ocrx_word' id='word_1_351' title='bbox 506 2526 640 2589; x_wconf 89' lang='lat' dir='ltr'>Pompeius</span> <span class='ocrx_word' id='word_1_352' title='bbox 659 2526 692 2574; x_wconf 89' lang='lat' dir='ltr'>ad</span> <span class='ocrx_word' id='word_1_353' title='bbox 711 2526 832 2574; x_wconf 88' lang='lat' dir='ltr'>aerarium</span> <span class='ocrx_word' id='word_1_354' title='bbox 852 2524 1057 2589; x_wconf 90' lang='lat' dir='ltr'>perturbatusque</span> <span class='ocrx_word' id='word_1_355' title='bbox 1078 2531 1132 2573; x_wconf 91' lang='lat' dir='ltr'>erat</span> 
     </span>
     <span class='ocr_line' id='line_1_37' title="bbox 133 2589 1131 2654; baseline -0.003 -14"><span class='ocrx_word' id='word_1_356' title='bbox 133 2592 220 2640; x_wconf 89' lang='lat' dir='ltr'>eodem</span> <span class='ocrx_word' id='word_1_357' title='bbox 233 2591 277 2640; x_wconf 94' lang='lat' dir='ltr'>illo</span> <span class='ocrx_word' id='word_1_358' title='bbox 288 2591 410 2651; x_wconf 89' lang='lat' dir='ltr'>clamore;</span> <span class='ocrx_word' id='word_1_359' title='bbox 427 2589 512 2654; x_wconf 91' lang='lat' dir='ltr'>itaque</span> <span class='ocrx_word' id='word_1_360' title='bbox 523 2591 638 2640; x_wconf 93' lang='lat' dir='ltr'>Domitio</span> <span class='ocrx_word' id='word_1_361' title='bbox 648 2591 762 2654; x_wconf 90' lang='lat' dir='ltr'>promisit</span> <span class='ocrx_word' id='word_1_362' title='bbox 776 2605 803 2639; x_wconf 89' lang='lat' dir='ltr'>se</span> <span class='ocrx_word' id='word_1_363' title='bbox 817 2596 917 2654; x_wconf 90' lang='lat' dir='ltr'>postero</span> <span class='ocrx_word' id='word_1_364' title='bbox 931 2589 974 2638; x_wconf 90' lang='lat' dir='ltr'>die</span> <span class='ocrx_word' id='word_1_365' title='bbox 988 2605 1045 2638; x_wconf 89' lang='lat' dir='ltr'>cum</span> <span class='ocrx_word' id='word_1_366' title='bbox 1060 2604 1131 2653; x_wconf 91' lang='lat' dir='ltr'>prae-</span> 
     </span>
     <span class='ocr_line' id='line_1_38' title="bbox 132 2654 1132 2718; baseline -0.004 -13"><span class='ocrx_word' id='word_1_367' title='bbox 132 2656 197 2705; x_wconf 90' lang='lat' dir='ltr'>sidio</span> <span class='ocrx_word' id='word_1_368' title='bbox 211 2657 393 2714; x_wconf 90' lang='lat' dir='ltr'>descensurum,</span> <span class='ocrx_word' id='word_1_369' title='bbox 407 2655 483 2718; x_wconf 89' lang='lat' dir='ltr'>idque</span> <span class='ocrx_word' id='word_1_370' title='bbox 497 2654 565 2705; x_wconf 86' lang='lat' dir='ltr'>fecit.</span> <span class='ocrx_word' id='word_1_371' title='bbox 600 2655 658 2717; x_wconf 85' lang='lat' dir='ltr'>Qua</span> <span class='ocrx_word' id='word_1_372' title='bbox 672 2672 698 2705; x_wconf 91' lang='lat' dir='ltr'>re</span> <span class='ocrx_word' id='word_1_373' title='bbox 714 2655 792 2704; x_wconf 92' lang='lat' dir='ltr'>territi</span> <span class='ocrx_word' id='word_1_374' title='bbox 807 2654 924 2704; x_wconf 90' lang='lat' dir='ltr'>Clodiani</span> <span class='ocrx_word' id='word_1_375' title='bbox 938 2654 1038 2703; x_wconf 84' lang='lat' dir='ltr'>silentio</span> <span class='ocrx_word' id='word_1_376' title='bbox 1053 2654 1132 2702; x_wconf 86' lang='lat' dir='ltr'>verba</span> 
     </span>
     <span class='ocr_line' id='line_1_39' title="bbox 132 2717 1131 2784; baseline -0.004 -15"><span class='ocrx_word' id='word_1_377' title='bbox 132 2721 232 2770; x_wconf 91' lang='lat' dir='ltr'>testium</span> <span class='ocrx_word' id='word_1_378' title='bbox 247 2736 292 2784; x_wconf 89' lang='lat' dir='ltr'>per</span> <span class='ocrx_word' id='word_1_379' title='bbox 305 2720 409 2768; x_wconf 88' lang='lat' dir='ltr'>biduum</span> <span class='ocrx_word' id='word_1_380' title='bbox 424 2718 504 2768; x_wconf 90' lang='lat' dir='ltr'>audiri</span> <span class='ocrx_word' id='word_1_381' title='bbox 519 2719 585 2784; x_wconf 90' lang='lat' dir='ltr'>passi</span> <span class='ocrx_word' id='word_1_382' title='bbox 600 2727 666 2768; x_wconf 90' lang='lat' dir='ltr'>sunt.</span> <span class='ocrx_word' id='word_1_383' title='bbox 700 2720 918 2783; x_wconf 85' lang='lat' dir='ltr'>Interrogaverunt</span> <span class='ocrx_word' id='word_1_384' title='bbox 932 2734 976 2767; x_wconf 89' lang='lat' dir='ltr'>eos</span> <span class='ocrx_word' id='word_1_385' title='bbox 991 2719 1029 2766; x_wconf 95' lang='lat' dir='ltr'>M.</span> <span class='ocrx_word' id='word_1_386' title='bbox 1042 2717 1131 2768; x_wconf 89' lang='lat' dir='ltr'>Cicero</span> 
     </span>
     <span class='ocr_line' id='line_1_40' title="bbox 132 2782 1127 2848; baseline -0.004 -14"><span class='ocrx_word' id='word_1_387' title='bbox 132 2794 158 2834; x_wconf 88' lang='lat' dir='ltr'>et</span> <span class='ocrx_word' id='word_1_388' title='bbox 175 2787 212 2834; x_wconf 94' lang='lat' dir='ltr'>M.</span> <span class='ocrx_word' id='word_1_389' title='bbox 228 2784 361 2833; x_wconf 92' lang='lat' dir='ltr'>Marcellus</span> <span class='ocrx_word' id='word_1_390' title='bbox 377 2791 403 2833; x_wconf 90' lang='lat' dir='ltr'>et</span> <span class='ocrx_word' id='word_1_391' title='bbox 421 2782 486 2832; x_wconf 93' lang='lat' dir='ltr'>Milo</span> <span class='ocrx_word' id='word_1_392' title='bbox 502 2783 563 2847; x_wconf 90' lang='lat' dir='ltr'>ipse.</span> <span class='ocrx_word' id='word_1_393' title='bbox 600 2784 678 2834; x_wconf 85' lang='lat' dir='ltr'>Multi</span> <span class='ocrx_word' id='word_1_394' title='bbox 693 2801 722 2834; x_wconf 89' lang='lat' dir='ltr'>ex</span> <span class='ocrx_word' id='word_1_395' title='bbox 739 2786 776 2844; x_wconf 90' lang='lat' dir='ltr'>iis,</span> <span class='ocrx_word' id='word_1_396' title='bbox 791 2785 835 2848; x_wconf 91' lang='lat' dir='ltr'>qui</span> <span class='ocrx_word' id='word_1_397' title='bbox 851 2784 959 2832; x_wconf 86' lang='lat' dir='ltr'>Bovillis</span> <span class='ocrx_word' id='word_1_398' title='bbox 971 2783 1127 2842; x_wconf 88' lang='lat' dir='ltr'>habitabant,</span> 
     </span>
     <span class='ocr_line' id='line_1_41' title="bbox 132 2848 1128 2913; baseline -0.003 -15"><span class='ocrx_word' id='word_1_399' title='bbox 132 2849 302 2898; x_wconf 88' lang='lat' dir='ltr'>testimonium</span> <span class='ocrx_word' id='word_1_400' title='bbox 316 2849 432 2897; x_wconf 89' lang='lat' dir='ltr'>dixerunt</span> <span class='ocrx_word' id='word_1_401' title='bbox 446 2848 478 2897; x_wconf 92' lang='lat' dir='ltr'>de</span> <span class='ocrx_word' id='word_1_402' title='bbox 492 2848 531 2908; x_wconf 92' lang='lat' dir='ltr'>iis,</span> <span class='ocrx_word' id='word_1_403' title='bbox 545 2864 610 2913; x_wconf 89' lang='lat' dir='ltr'>quae</span> <span class='ocrx_word' id='word_1_404' title='bbox 624 2850 661 2897; x_wconf 92' lang='lat' dir='ltr'>ibi</span> <span class='ocrx_word' id='word_1_405' title='bbox 675 2849 740 2898; x_wconf 90' lang='lat' dir='ltr'>sacta</span> <span class='ocrx_word' id='word_1_406' title='bbox 756 2856 839 2898; x_wconf 85' lang='lat' dir='ltr'>erant:</span> <span class='ocrx_word' id='word_1_407' title='bbox 856 2863 995 2912; x_wconf 88' lang='lat' dir='ltr'>cauponem</span> <span class='ocrx_word' id='word_1_408' title='bbox 1011 2849 1128 2907; x_wconf 90' lang='lat' dir='ltr'>occisum,</span> 
     </span>
     <span class='ocr_line' id='line_1_42' title="bbox 132 2913 1130 2978; baseline -0.001 -16"><span class='ocrx_word' id='word_1_409' title='bbox 132 2914 260 2962; x_wconf 91' lang='lat' dir='ltr'>tabernam</span> <span class='ocrx_word' id='word_1_410' title='bbox 271 2920 446 2976; x_wconf 88' lang='lat' dir='ltr'>expugnatam,</span> <span class='ocrx_word' id='word_1_411' title='bbox 460 2928 550 2976; x_wconf 88' lang='lat' dir='ltr'>corpus</span> <span class='ocrx_word' id='word_1_412' title='bbox 562 2914 673 2963; x_wconf 85' lang='lat' dir='ltr'>Clodiin</span> <span class='ocrx_word' id='word_1_413' title='bbox 684 2914 810 2978; x_wconf 91' lang='lat' dir='ltr'>publicum</span> <span class='ocrx_word' id='word_1_414' title='bbox 827 2921 963 2962; x_wconf 89' lang='lat' dir='ltr'>extractum</span> <span class='ocrx_word' id='word_1_415' title='bbox 978 2928 1041 2962; x_wconf 81' lang='lat' dir='ltr'>esse.</span> <span class='ocrx_word' id='word_1_416' title='bbox 1074 2913 1130 2962; x_wconf 91' lang='lat' dir='ltr'>Vir·</span> 
     </span>
     <span class='ocr_line' id='line_1_43' title="bbox 131 2977 1131 3042; baseline -0.001 -16"><span class='ocrx_word' id='word_1_417' title='bbox 131 2979 202 3042; x_wconf 89' lang='lat' dir='ltr'>gines</span> <span class='ocrx_word' id='word_1_418' title='bbox 216 2993 314 3042; x_wconf 91' lang='lat' dir='ltr'>quoque</span> <span class='ocrx_word' id='word_1_419' title='bbox 330 2977 446 3026; x_wconf 85' lang='lat' dir='ltr'>Albanae</span> <span class='ocrx_word' id='word_1_420' title='bbox 460 2978 575 3027; x_wconf 90' lang='lat' dir='ltr'>dixerunt</span> <span class='ocrx_word' id='word_1_421' title='bbox 589 2979 718 3027; x_wconf 91' lang='lat' dir='ltr'>mulierem</span> <span class='ocrx_word' id='word_1_422' title='bbox 732 2980 843 3042; x_wconf 88' lang='lat' dir='ltr'>ignotam</span> <span class='ocrx_word' id='word_1_423' title='bbox 858 2979 955 3028; x_wconf 88' lang='lat' dir='ltr'>venisse</span> <span class='ocrx_word' id='word_1_424' title='bbox 970 2978 1003 3026; x_wconf 94' lang='lat' dir='ltr'>ad</span> <span class='ocrx_word' id='word_1_425' title='bbox 1016 2994 1050 3037; x_wconf 91' lang='lat' dir='ltr'>se,</span> <span class='ocrx_word' id='word_1_426' title='bbox 1067 2993 1131 3042; x_wconf 90' lang='lat' dir='ltr'>quae</span> 
     </span>
     <span class='ocr_line' id='line_1_44' title="bbox 133 3042 1131 3108; baseline -0.002 -16"><span class='ocrx_word' id='word_1_427' title='bbox 133 3043 236 3092; x_wconf 93' lang='lat' dir='ltr'>Milonis</span> <span class='ocrx_word' id='word_1_428' title='bbox 250 3043 369 3092; x_wconf 88' lang='lat' dir='ltr'>mandato</span> <span class='ocrx_word' id='word_1_429' title='bbox 379 3050 465 3091; x_wconf 87' lang='lat' dir='ltr'>votum</span> <span class='ocrx_word' id='word_1_430' title='bbox 480 3042 595 3100; x_wconf 88' lang='lat' dir='ltr'>solveret,</span> <span class='ocrx_word' id='word_1_431' title='bbox 607 3043 675 3108; x_wconf 91' lang='lat' dir='ltr'>quod</span> <span class='ocrx_word' id='word_1_432' title='bbox 690 3042 794 3092; x_wconf 91' lang='lat' dir='ltr'>Clodius</span> <span class='ocrx_word' id='word_1_433' title='bbox 805 3046 899 3092; x_wconf 90' lang='lat' dir='ltr'>occisus</span> <span class='ocrx_word' id='word_1_434' title='bbox 911 3050 983 3092; x_wconf 89' lang='lat' dir='ltr'>esset.</span> <span class='ocrx_word' id='word_1_435' title='bbox 1018 3043 1131 3092; x_wconf 88' lang='lat' dir='ltr'>Ultimae</span> 
     </span>
     <span class='ocr_line' id='line_1_45' title="bbox 132 3107 1132 3171; baseline 0 -15"><span class='ocrx_word' id='word_1_436' title='bbox 132 3108 300 3156; x_wconf 90' lang='lat' dir='ltr'>testimonium</span> <span class='ocrx_word' id='word_1_437' title='bbox 319 3107 435 3156; x_wconf 89' lang='lat' dir='ltr'>dixerunt</span> <span class='ocrx_word' id='word_1_438' title='bbox 455 3107 611 3171; x_wconf 90' lang='lat' dir='ltr'>Sempronia,</span> <span class='ocrx_word' id='word_1_439' title='bbox 631 3108 752 3157; x_wconf 89' lang='lat' dir='ltr'>Tuditani</span> <span class='ocrx_word' id='word_1_440' title='bbox 769 3108 827 3167; x_wconf 87' lang='lat' dir='ltr'>filia,</span> <span class='ocrx_word' id='word_1_441' title='bbox 850 3124 934 3157; x_wconf 90' lang='lat' dir='ltr'>socrus</span> <span class='ocrx_word' id='word_1_442' title='bbox 954 3109 982 3157; x_wconf 90' lang='lat' dir='ltr'>P.</span> <span class='ocrx_word' id='word_1_443' title='bbox 1002 3107 1086 3166; x_wconf 75' lang='lat' dir='ltr'>Clodi,</span> <span class='ocrx_word' id='word_1_444' title='bbox 1105 3114 1132 3156; x_wconf 90' lang='lat' dir='ltr'>et</span> 
     </span>
     <span class='ocr_line' id='line_1_46' title="bbox 131 3172 1130 3237; baseline 0 -17"><span class='ocrx_word' id='word_1_445' title='bbox 131 3186 194 3220; x_wconf 90' lang='lat' dir='ltr'>uxor</span> <span class='ocrx_word' id='word_1_446' title='bbox 209 3172 306 3228; x_wconf 88' lang='lat' dir='ltr'>Fulvia,</span> <span class='ocrx_word' id='word_1_447' title='bbox 318 3178 343 3221; x_wconf 91' lang='lat' dir='ltr'>et</span> <span class='ocrx_word' id='word_1_448' title='bbox 358 3172 417 3221; x_wconf 89' lang='lat' dir='ltr'>fletu</span> <span class='ocrx_word' id='word_1_449' title='bbox 433 3187 478 3220; x_wconf 93' lang='lat' dir='ltr'>suo</span> <span class='ocrx_word' id='word_1_450' title='bbox 493 3187 645 3236; x_wconf 82' lang='lat' dir='ltr'>magnopere</span> <span class='ocrx_word' id='word_1_451' title='bbox 659 3173 756 3237; x_wconf 90' lang='lat' dir='ltr'>eosqui</span> <span class='ocrx_word' id='word_1_452' title='bbox 770 3173 924 3222; x_wconf 88' lang='lat' dir='ltr'>adsistebant</span> <span class='ocrx_word' id='word_1_453' title='bbox 934 3179 1130 3222; x_wconf 88' lang='lat' dir='ltr'>commoverunt.</span> 
     </span>
     <span class='ocr_line' id='line_1_47' title="bbox 132 3236 1130 3301; baseline 0 -17"><span class='ocrx_word' id='word_1_454' title='bbox 132 3236 243 3286; x_wconf 89' lang='lat' dir='ltr'>Dimisso</span> <span class='ocrx_word' id='word_1_455' title='bbox 254 3237 319 3286; x_wconf 88' lang='lat' dir='ltr'>circa</span> <span class='ocrx_word' id='word_1_456' title='bbox 329 3236 417 3286; x_wconf 89' lang='lat' dir='ltr'>horam</span> <span class='ocrx_word' id='word_1_457' title='bbox 428 3236 551 3286; x_wconf 91' lang='lat' dir='ltr'>decimam</span> <span class='ocrx_word' id='word_1_458' title='bbox 566 3236 659 3286; x_wconf 92' lang='lat' dir='ltr'>iudicio</span> <span class='ocrx_word' id='word_1_459' title='bbox 670 3237 704 3285; x_wconf 88' lang='lat' dir='ltr'>T.</span> <span class='ocrx_word' id='word_1_460' title='bbox 716 3237 843 3287; x_wconf 90' lang='lat' dir='ltr'>Munatius</span> <span class='ocrx_word' id='word_1_461' title='bbox 858 3253 904 3301; x_wconf 91' lang='lat' dir='ltr'>pro</span> <span class='ocrx_word' id='word_1_462' title='bbox 920 3238 1036 3286; x_wconf 91' lang='lat' dir='ltr'>contione</span> <span class='ocrx_word' id='word_1_463' title='bbox 1051 3251 1130 3301; x_wconf 92' lang='lat' dir='ltr'>popu-</span> 
     </span>
     <span class='ocr_line' id='line_1_48' title="bbox 131 3298 1131 3367; baseline 0.001 -19"><span class='ocrx_word' id='word_1_464' title='bbox 131 3298 184 3348; x_wconf 90' lang='lat' dir='ltr'>lum</span> <span class='ocrx_word' id='word_1_465' title='bbox 195 3301 339 3350; x_wconf 86' lang='lat' dir='ltr'>adhortatus</span> <span class='ocrx_word' id='word_1_466' title='bbox 351 3309 396 3362; x_wconf 81' lang='lat' dir='ltr'>est,</span> <span class='ocrx_word' id='word_1_467' title='bbox 407 3308 436 3351; x_wconf 90' lang='lat' dir='ltr'>ut</span> <span class='ocrx_word' id='word_1_468' title='bbox 447 3308 546 3367; x_wconf 90' lang='lat' dir='ltr'>postero</span> <span class='ocrx_word' id='word_1_469' title='bbox 557 3300 599 3351; x_wconf 91' lang='lat' dir='ltr'>die</span> <span class='ocrx_word' id='word_1_470' title='bbox 609 3301 728 3365; x_wconf 80' lang='lat' dir='ltr'>frequens</span> <span class='ocrx_word' id='word_1_471' title='bbox 735 3302 831 3351; x_wconf 86' lang='lat' dir='ltr'>adesset</span> <span class='ocrx_word' id='word_1_472' title='bbox 840 3310 865 3351; x_wconf 92' lang='lat' dir='ltr'>et</span> <span class='ocrx_word' id='word_1_473' title='bbox 873 3302 939 3351; x_wconf 90' lang='lat' dir='ltr'>elabi</span> <span class='ocrx_word' id='word_1_474' title='bbox 947 3302 1070 3352; x_wconf 88' lang='lat' dir='ltr'>Milonem</span> <span class='ocrx_word' id='word_1_475' title='bbox 1079 3316 1131 3349; x_wconf 91' lang='lat' dir='ltr'>non</span> 
     </span>
     <span class='ocr_line' id='line_1_49' title="bbox 131 3365 1130 3475; baseline 0.002 -63"><span class='ocrx_word' id='word_1_476' title='bbox 131 3372 257 3475; x_wconf 83' lang='lat' dir='ltr'>pateretur</span> <span class='ocrx_word' id='word_1_477' title='bbox 266 3366 435 3430; x_wconf 90' lang='lat' dir='ltr'>iudiciumque</span> <span class='ocrx_word' id='word_1_478' title='bbox 446 3372 471 3415; x_wconf 87' lang='lat' dir='ltr'>et</span> <span class='ocrx_word' id='word_1_479' title='bbox 482 3365 595 3415; x_wconf 90' lang='lat' dir='ltr'>dolorem</span> <span class='ocrx_word' id='word_1_480' title='bbox 606 3381 678 3414; x_wconf 85' lang='lat' dir='ltr'>suum</span> <span class='ocrx_word' id='word_1_481' title='bbox 689 3367 829 3416; x_wconf 89' lang='lat' dir='ltr'>ostenderet</span> <span class='ocrx_word' id='word_1_482' title='bbox 841 3367 956 3416; x_wconf 91' lang='lat' dir='ltr'>euntibus</span> <span class='ocrx_word' id='word_1_483' title='bbox 967 3366 999 3415; x_wconf 92' lang='lat' dir='ltr'>ad</span> <span class='ocrx_word' id='word_1_484' title='bbox 1011 3366 1130 3415; x_wconf 90' lang='lat' dir='ltr'>tabellam</span> 
     </span>
     <span class='ocr_line' id='line_1_50' title="bbox 142 3429 1128 3494; baseline 0.001 -17"><span class='ocrx_word' id='word_1_485' title='bbox 142 3429 266 3478; x_wconf 89' lang='lat' dir='ltr'>erendam.</span> <span class='ocrx_word' id='word_1_486' title='bbox 303 3430 406 3478; x_wconf 87' lang='lat' dir='ltr'>Postero</span> <span class='ocrx_word' id='word_1_487' title='bbox 421 3429 470 3490; x_wconf 91' lang='lat' dir='ltr'>die,</span> <span class='ocrx_word' id='word_1_488' title='bbox 484 3430 528 3493; x_wconf 94' lang='lat' dir='ltr'>qui</span> <span class='ocrx_word' id='word_1_489' title='bbox 542 3429 588 3478; x_wconf 85' lang='lat' dir='ltr'>fuit</span> <span class='ocrx_word' id='word_1_490' title='bbox 603 3430 688 3479; x_wconf 91' lang='lat' dir='ltr'>iudicii</span> <span class='ocrx_word' id='word_1_491' title='bbox 703 3446 814 3480; x_wconf 91' lang='lat' dir='ltr'>summus</span> <span class='ocrx_word' id='word_1_492' title='bbox 827 3446 850 3480; x_wconf 90' lang='lat' dir='ltr'>a.</span> <span class='ocrx_word' id='word_1_493' title='bbox 864 3430 889 3479; x_wconf 93' lang='lat' dir='ltr'>d.</span> <span class='ocrx_word' id='word_1_494' title='bbox 904 3443 934 3479; x_wconf 80' lang='lat' dir='ltr'>VI</span> <span class='ocrx_word' id='word_1_495' title='bbox 952 3431 1012 3479; x_wconf 90' lang='lat' dir='ltr'>ldus</span> <span class='ocrx_word' id='word_1_496' title='bbox 1023 3430 1128 3494; x_wconf 89' lang='lat' dir='ltr'>Aprilis,</span> 
     </span>
    </p>

    <p class='ocr_par' dir='ltr' id='par_1_7' title="bbox 106 3491 1130 3560">
     <span class='ocr_line' id='line_1_51' title="bbox 106 3491 1130 3560; baseline 0.009 -26"><span class='ocrx_word' id='word_1_497' title='bbox 106 3491 223 3540; x_wconf 68' lang='lat' dir='ltr'>‘clausae</span> <span class='ocrx_word' id='word_1_498' title='bbox 230 3493 336 3542; x_wconf 72' lang='lat' dir='ltr'>[aierunt</span> <span class='ocrx_word' id='word_1_499' title='bbox 346 3500 401 3543; x_wconf 86' lang='lat' dir='ltr'>tota</span> <span class='ocrx_word' id='word_1_500' title='bbox 413 3494 475 3544; x_wconf 88' lang='lat' dir='ltr'>urbe</span> <span class='ocrx_word' id='word_1_501' title='bbox 485 3495 603 3544; x_wconf 88' lang='lat' dir='ltr'>tabernae</span> <span class='ocrx_word' id='word_1_502' title='bbox 608 3512 622 3557; x_wconf 68' lang='grc' dir='ltr'>ς,</span> <span class='ocrx_word' id='word_1_503' title='bbox 634 3495 758 3560; x_wconf 89' lang='lat' dir='ltr'>praesidia</span> <span class='ocrx_word' id='word_1_504' title='bbox 767 3495 794 3543; x_wconf 91' lang='lat' dir='ltr'>in</span> <span class='ocrx_word' id='word_1_505' title='bbox 804 3495 859 3544; x_wconf 88' lang='lat' dir='ltr'>soro</span> <span class='ocrx_word' id='word_1_506' title='bbox 870 3503 895 3544; x_wconf 91' lang='lat' dir='ltr'>et</span> <span class='ocrx_word' id='word_1_507' title='bbox 906 3496 972 3544; x_wconf 91' lang='lat' dir='ltr'>circa</span> <span class='ocrx_word' id='word_1_508' title='bbox 982 3509 1069 3543; x_wconf 90' lang='lat' dir='ltr'>omnes</span> <span class='ocrx_word' id='word_1_509' title='bbox 1083 3494 1130 3543; x_wconf 83' lang='lat' dir='ltr'>sori</span> 
     </span>
    </p>
   </div>
   <div class='ocr_carea' id='block_1_3' title="bbox 0 0 1220 3772">
    <p class='ocr_par' dir='ltr' id='par_1_8' title="bbox 0 0 1220 3772">
     <span class='ocr_line' id='line_1_52' title="bbox 0 0 1220 3772; baseline 0 1"><span class='ocrx_word' id='word_1_510' title='bbox 0 0 1220 3772; x_wconf 95' lang='lat' dir='ltr'> </span> 
     </span>
    </p>
   </div>
  </div>
 </body>
</html>
