2430 3772
121 219 181 298 XX
197 211 247 296 54]
367 217 459 276 Pro
482 218 670 283 MILONE*
697 217 873 279 orrArro.
1077 235 1114 301 ⁴5

123 355 185 412 Cur
198 371 297 429 neque
307 363 376 411 ante
391 351 525 423 occurrit,
541 370 579 409 ne
593 351 642 409 ille
660 350 690 409 in
704 349 774 409 villa
790 351 938 425 resideret,
954 371 1010 411 nec
1029 372 1065 411 eo
1086 351 1116 411 in

122 451 190 509 loco
205 449 346 522 subsedit,
362 469 422 527 quo
437 451 486 509 ille
502 460 591 509 noctu
607 459 747 508 venturus
762 451 861 508 esset?
894 464 897 466 ·

122 637 154 710 §l
168 639 279 696 52-56.
318 637 486 708 Moreovar,
499 637 554 695 the
566 637 652 706 place
664 636 699 694 ot
711 636 766 694 the
777 636 848 703 may
859 650 924 694 was
939 636 1117 694 favourabla

189 726 224 780 to
240 722 379 793 (llodtus3
395 721 451 779 the
467 723 702 780 circumstances
719 725 773 794 too
792 737 870 779 wera
888 723 1011 790 against
1029 721 1115 780 Milo.

192 809 270 877 Only
280 809 336 866 the
347 809 505 875 accidents
517 809 552 865 of
559 823 625 866 war
637 810 749 866 caused
761 803 885 866 Gladius
895 811 930 865 to
941 808 1008 866 fail.
1107 807 1109 810 ’

182 934 280 994 Video
295 945 431 994 constare
443 933 549 1004 adhuc,
562 931 685 1005 iudices,
697 932 811 992 omnia:
827 930 935 1001 Miloni
947 931 1034 991 etiam
1046 933 1117 993 utile
1133 935 1168 992 52

121 1030 211 1091 fuisse
226 1031 366 1093 Clodium
380 1032 486 1101 vivere,
504 1031 544 1089 illi
559 1032 597 1089 ad
613 1049 739 1106 eaquae
758 1031 949 1106 concupierat
969 1028 1114 1107 optatissif

93 1160 105 1198 5
121 1148 204 1187 mum
219 1128 370 1188 interitum
387 1128 511 1189 Milonis
516 1150 526 1203 3
540 1128 642 1189 odium
658 1129 748 1188 fuisse
762 1128 838 1188 illius
852 1127 884 1187 in
897 1129 978 1187 hunc
991 1129 1115 1188 acerbis-

122 1226 238 1298 simum,
260 1228 374 1285 nullum
395 1227 482 1286 huius
503 1225 534 1284 in
555 1225 638 1284 illum
650 1245 658 1297 ;
682 1224 930 1286 consuetudinem
951 1224 1029 1285 illius
1050 1245 1114 1302 per-

123 1335 244 1398 petuam
259 1323 329 1383 invi
344 1323 505 1397 inserenda,
518 1323 604 1381 huius
619 1333 734 1381 tantum
748 1321 779 1381 in
790 1325 961 1400 repellenda
966 1346 974 1398 ;
989 1335 1113 1383 mortem

122 1423 162 1480 ab
189 1420 241 1480 illo
268 1420 473 1480 denuntiatam
504 1418 611 1478 Miloni
639 1431 669 1480 et
696 1419 878 1496 praedictam
906 1423 1013 1498 palam,
1043 1420 1115 1479 nihil

123 1537 265 1594 umquam
284 1519 418 1577 auditum
441 1538 478 1577 ex
500 1517 614 1576 Milone
625 1539 634 1590 ;
654 1517 845 1593 profectionis
866 1518 952 1577 huius
972 1518 1053 1578 diem
1074 1517 1114 1576 illi

81 1648 108 1674 ιο
121 1626 236 1686 notum,
250 1616 360 1675 reditus
376 1615 451 1674 illius
466 1614 536 1674 huic
555 1614 689 1691 ignotum
707 1613 815 1686 luisse3
835 1614 921 1673 huius
942 1615 996 1674 iter
1017 1634 1114 1674 neces·

123 1711 240 1783 sarium,
263 1711 338 1772 illius
361 1714 447 1772 etiam
470 1714 568 1790 potius
590 1711 719 1770 alienum
731 1732 739 1784 ;
767 1712 848 1771 hunc
869 1731 938 1788 prae
959 1731 991 1772 se
1013 1711 1113 1772 tulisse

123 1808 175 1868 illo
189 1810 237 1868 die
254 1813 351 1869 Roma
366 1811 520 1883 exiturum,
536 1809 619 1867 illum
640 1827 677 1867 eo
698 1808 747 1866 die
769 1828 801 1867 se
821 1807 1022 1868 dissimulasse
1042 1808 1115 1867 redi-

122 1918 240 1981 turum;
262 1909 341 1967 hunc
362 1907 470 1967 nullius
491 1907 532 1967 rei
554 1918 683 1965 mutasse
704 1905 868 1979 consilium,
891 1905 973 1985 illum
995 1924 1114 1964 causam

123 2003 259 2063 mutandi
274 2005 377 2063 consili
392 2004 529 2077 finxisse;
553 2004 623 2062 huic
637 2002 661 2073 si
676 2002 869 2074 insidiaretur,
885 2017 1004 2064 noctem
1023 2022 1115 2079 prope

83 2131 107 2169 ις
122 2102 226 2159 urbem
241 2102 481 2177 exspectandam,
496 2100 547 2174 illi,
563 2100 652 2161 etiam
667 2101 690 2160 si
705 2103 785 2160 hunc
800 2121 861 2160 non
875 2100 999 2176 timeret,
1015 2113 1114 2159 tamen

124 2217 277 2257 accessum
292 2200 330 2258 ad
345 2201 448 2259 urbem
464 2208 641 2257 nocturnum
657 2197 746 2258 fuisse
761 2201 962 2258 metuendum.

185 2298 252 2354 XX.
296 2296 459 2355 Videamus
480 2295 611 2355 nuncid
631 2298 712 2374 quod
732 2310 822 2373 caput
842 2311 894 2368 est,
915 2299 1003 2377 locus
1016 2299 1056 2366 ad
1074 2294 1115 2354 in·
1131 2296 1167 2353 53

124 2393 214 2452 sidias
228 2394 277 2454 ille
292 2395 355 2471 ipse
370 2395 420 2454 ubi
435 2392 585 2470 congressi
600 2405 678 2468 sunt,
694 2393 751 2454 utri
765 2395 885 2454 tandem
905 2388 991 2452 suerit
1010 2392 1112 2468 aptior.

125 2491 162 2550 Id
177 2510 255 2563 veru,
271 2491 393 2564 iudices,
410 2493 498 2550 etiam
521 2491 720 2553 dubitandum
741 2503 771 2552 et
792 2491 901 2552 diutius
922 2491 1113 2567 cogitandum

82 2620 109 2646 πο
123 2591 190 2647 est?
221 2592 299 2648 Ante
314 2590 437 2646 fundum
453 2588 551 2660 Clodi,
562 2609 623 2667 quo
638 2589 669 2650 in
683 2591 777 2649 fundo
790 2601 909 2667 propter
923 2589 1041 2648 insanas
1052 2588 1115 2646 illas

124 2685 358 2745 substructiones
377 2685 462 2744 facile
477 2685 632 2745 hominum
647 2685 727 2746 mille
742 2688 934 2745 versabantur
946 2686 1114 2757 valentium,

125 2782 207 2842 edito
221 2783 378 2843 adversarii
392 2795 482 2860 atque
501 2785 618 2842 excelso
637 2785 705 2843 loco
726 2783 908 2858 superiorem
930 2802 962 2843 se
982 2785 1044 2843 sore
1065 2803 1116 2858 pu-

126 2891 200 2939 tarat
215 2879 291 2939 Milo
306 2892 336 2939 et
350 2883 389 2941 ob
402 2900 467 2940 eam
479 2900 539 2941 rem
552 2901 619 2940 eum
630 2881 730 2940 locum
741 2881 779 2938 ad
791 2898 920 2956 pugnam
932 2881 1115 2956 potissimum

125 2978 277 3053 elegerat?
318 2980 367 3036 An
382 2979 411 3037 in
427 2998 464 3038 eo
478 2981 546 3039 loco
561 2991 605 3038 est
624 2978 722 3055 potius
742 2989 929 3053 exspectatus
946 2979 984 3037 ab
1003 2997 1048 3048 e0,
1065 2976 1116 3053 qui

84 3106 108 3142 25
124 3073 215 3150 ipsius
229 3072 287 3133 loci
302 3093 355 3150 spe
370 3076 465 3134 facere
480 3075 625 3151 impetum
636 3074 802 3152 cogitarat?
834 3077 895 3133 Res
907 3076 1034 3151 loquitur
1044 3073 1116 3150 ipsa,
1134 3074 1171 3131 54

125 3170 246 3243 iudices,
263 3190 339 3247 quae
360 3191 477 3249 semper
498 3175 576 3232 valet
596 3172 763 3249 plurimum.
808 3172 838 3231 Si
859 3172 933 3229 haec
953 3190 1014 3229 non
1034 3182 1117 3246 gesta

125 3267 273 3339 audiretis,
289 3269 341 3328 sed
356 3269 435 3346 picta
448 3267 595 3339 videretis,
611 3281 711 3329 tamen
725 3279 879 3345 appareret
901 3278 965 3326 uter
982 3278 1058 3326 esset
1075 3267 1116 3326 in-

125 3364 256 3436 sidiator,
278 3375 343 3424 uter
363 3365 436 3424 nihil
457 3365 599 3441 cogitaret
622 3365 700 3438 mali,
723 3385 790 3424 cum
815 3366 888 3423 alter
909 3364 1062 3423 veheretur
1085 3364 1116 3428 in

124 3462 214 3521 raeda
228 3463 413 3537 paenulatus,
428 3480 488 3520 una
502 3463 617 3521 sederet
632 3482 712 3521 uxor.
746 3461 831 3538 Quid
838 3462 1131 3527 borumnou'xmue-
