2430 3772
113 164 151 221 26
488 161 734 223 crcaaoms
1042 159 1108 241 [12

112 294 230 364 dedere,
250 313 306 353 nec
326 292 489 369 sapientiae
506 291 702 354 temeritatem
723 292 890 354 concitatae
908 292 1109 355 multitudinis

80 392 284 453 dauctoritate
306 392 425 467 publica
445 411 565 452 armare
609 393 708 467 Quam
728 393 849 452 obrem
871 391 919 450 illa
938 411 1021 452 arma
1039 412 1109 454 cen·

112 490 242 550 turiones
274 491 411 549 cohortes
444 509 506 550 non
536 489 705 566 periculum,
727 489 815 549 nobis
842 490 896 550 sed
926 489 1120 567 praesidium

112 585 297 658 denuntiant,
322 605 420 662 neque
442 588 539 647 solum
561 600 594 648 ut
618 586 727 664 quieto,
750 587 803 646 sed
828 587 916 647 etiam
939 598 972 647 ut
996 608 1108 666 magno

112 686 213 744 animo
235 684 329 756 ,simus
354 685 515 760 hortantur,
537 704 636 761 neque
658 683 799 744 auxilium
821 685 914 745 modo
939 685 1137 756 defensionis

112 803 205 854 meae,
234 802 335 842 verum
364 782 452 842 etiam
476 783 625 844 silentium
653 782 835 860 pollicentur.
880 783 1009 861 Reliqua
1035 804 1107 846 vero

112 879 279 952 multitudo,
300 898 376 956 quae
397 879 519 955 quidem
539 890 582 938 est
601 879 718 953 civium,
737 890 800 939 tota
819 891 918 938 nostra
937 891 990 955 est,
1009 899 1107 957 neque

113 998 215 1037 eorum
237 976 392 1054 quisquam
415 995 491 1053 quos
512 976 644 1053 undique
663 975 812 1048 intuentis,
832 978 912 1037 unde
933 976 1034 1054 aliqua
1051 978 1107 1039 rori

113 1097 181 1154 pars
208 1077 321 1153 adspici
351 1087 458 1153 potest,
484 1087 514 1136 et
540 1075 626 1135 huius
654 1077 763 1136 exitum
791 1074 882 1134 iudici
906 1077 1107 1152 exspectantis

113 1174 227 1248 videtis,
243 1194 303 1233 non
323 1193 391 1234 eum
409 1173 507 1233 virtuti
522 1173 745 1248 Milonisfavet,
762 1185 825 1233 tum
840 1174 878 1234 de
898 1193 938 1246 se,
954 1174 993 1234 de
1009 1173 1110 1235 liberis
1125 1207 1152 1235 ιο

113 1271 183 1344 suis,
199 1273 236 1331 de
251 1270 352 1348 patria,
368 1271 406 1330 de
420 1271 544 1330 fortunis
558 1264 703 1330 hodierno
718 1269 766 1331 die
781 1270 925 1332 decertari
938 1281 1032 1346 putat.

182 1370 223 1427 Il
255 1369 355 1425 Vnum
367 1386 459 1442 genus
469 1376 512 1425 est
523 1366 695 1426 adversum
687 1386 717 1425 m
720 1369 885 1453 festumque
897 1366 992 1439 nobis,
1002 1386 1106 1427 eorum

114 1486 189 1544 quos
209 1469 241 1526 P.
263 1465 350 1526 Clodi
370 1467 449 1524 furor
466 1450 576 1541 rapinis
596 1477 625 1526 et
644 1456 790 1526 incendus
808 1476 839 1526 e
827 1464 993 1525 tomnibus
1009 1449 1107 1527 exit'iis'

113 1561 239 1641 publicis
257 1552 352 1638 pavit,
373 1561 425 1638 qui
443 1562 581 1621 hesterna
600 1544 689 1621 etiain
709 1561 851 1622 contione
864 1561 978 1622 incitati
992 1576 1060 1623 sunt
1075 1575 1108 1623 ut

113 1661 197 1721 vobis
218 1679 291 1720 voce
312 1660 458 1736 praeirent
480 1659 553 1734 quid
573 1658 751 1719 iudicaretis.
794 1661 929 1734 Quorum
951 1661 1149 1730 clamorS115

114 1760 165 1837 qui
199 1761 273 1821 forte
303 1761 397 1832 fuerit,
425 1761 586 1818 admonere
617 1778 671 1819 vos
704 1756 826 1818 debebit
853 1767 886 1816 ut
912 1777 980 1817 eum
1011 1757 1108 1818 civem

114 1857 264 1918 retineatis
289 1856 340 1931 qui
364 1875 481 1931 semper
504 1875 596 1932 genus
620 1856 694 1914 illud
721 1855 876 1914 hominum
904 1855 1108 1932 clamoresque

82 1956 102 2015 4
116 1956 259 2015 maximos
274 1972 344 2031 prae
361 1966 457 2013 vestra
471 1954 564 2012 salute
582 1951 717 2030 neglexit.
761 1954 859 2028 Quam
874 1953 914 2012 ob
929 1971 990 2011 rem
1005 1953 1108 2013 adeste

115 2054 230 2126 animis,
244 2052 366 2128 iudices,
379 2063 408 2112 et
422 2051 558 2112 timorem
574 2051 597 2110 si
613 2071 701 2127 quem
717 2051 831 2112 habetis
843 2049 990 2127 deponite.
1028 2052 1108 2110 Nam

116 2153 140 2214 si
160 2172 301 2228 umquam
323 2153 361 2211 de
380 2153 466 2211 bonis
485 2162 514 2211 et
535 2150 657 2210 fortibus
676 2149 753 2225 viris,
770 2149 794 2209 si
813 2168 953 2225 umquam
973 2148 1012 2208 de
1032 2150 1110 2210 bene
1125 2180 1151 2209 ιο

115 2249 226 2311 meritis
253 2249 365 2310 civibus
392 2240 524 2327 potestas
551 2247 637 2308 vobis
661 2247 813 2307 iudicandi
837 2246 900 2320 fuit,
925 2244 950 2305 si
977 2245 1109 2323 denique

115 2367 257 2425 umquam
274 2349 357 2407 locus
376 2346 624 2424 amplissimorum
641 2343 780 2405 ordinum
796 2342 918 2404 delectis
935 2342 1003 2403 viris
1021 2343 1110 2404 datus

117 2456 169 2519 est,
188 2458 221 2505 ut
241 2466 294 2506 sua
314 2445 412 2506 studia
430 2463 498 2522 erga
516 2442 598 2503 fortis
619 2453 649 2503 et
669 2443 765 2502 bonos
784 2439 865 2512 civis,
884 2459 960 2517 quae
975 2440 1060 2499 voltu
1080 2451 1111 2500 et

116 2543 212 2604 verbis
232 2563 321 2620 saepe
340 2541 563 2620 significassent,
576 2561 609 2601 re
623 2551 653 2600 et
670 2539 823 2600 sententiis
838 2539 1031 2610 declararent,
1051 2539 1111 2598 hoc

116 2640 249 2718 profecto
273 2651 408 2714 ternpore
428 2656 495 2696 eam
515 2646 694 2713 potestatem
715 2654 837 2694 omnem
858 2653 911 2694 vos
932 2632 1056 2704 habetis,
1078 2647 1112 2694 ut
1127 2664 1150 2703 ι(

117 2735 250 2798 statuatis
272 2746 370 2795 utrum
397 2753 462 2808 nos,
485 2733 536 2811 qui
557 2753 674 2810 semper
694 2743 807 2793 vestrae
827 2730 994 2791 auctoritati
1015 2732 1111 2792 dediti

117 2835 234 2907 fuimus,
257 2852 374 2910 semper
394 2831 491 2892 miseri
512 2833 674 2909 lugeamus,
692 2849 730 2890 an
752 2830 804 2889 diu
822 2830 918 2890 vexati
939 2849 958 2889 a
978 2829 1111 2907 perditis·

117 2933 198 2992 simis
217 2931 329 2992 civibus
348 2930 508 3005 aliquando
526 2948 581 3006 per
599 2947 652 2989 vos
669 2947 705 2988 ac
723 2946 777 3004 per
794 2937 921 2986 vestram
940 2927 1039 2997 fidem,
1057 2928 1112 2986 vir-

87 3031 104 3089 5
119 3043 212 3091 tutem
226 3027 460 3107 sapientiamque
475 3045 647 3086 recreemur.
691 3023 772 3100 Quid
786 3024 866 3083 enim
881 3021 968 3083 nobis
982 3023 1110 3098 duobus,

119 3127 240 3203 iudices,
255 3125 438 3197 laboriosius,
459 3124 532 3200 quid
551 3123 644 3199 magis
658 3119 825 3194 sollicitum,
842 3120 935 3198 magis
953 3120 1112 3180 exercitum
1128 3152 1153 3191 30

119 3224 179 3284 dici
192 3235 243 3283 aut
257 3221 327 3301 fingi
340 3232 448 3300 potest,
461 3220 513 3296 qui
527 3238 579 3296 spe
594 3216 843 3295 amplissimorum
858 3216 1056 3293 praemiorum
1071 3219 1111 3276 ad

119 3341 181 3382 rem
202 3321 352 3397 publicam
370 3317 492 3379 adducti
511 3328 593 3376 metu
611 3313 880 3376 crudelissimorum
900 3310 1111 3389 suppliciorum

119 3437 218 3480 carere
245 3437 307 3479 non
334 3417 514 3496 possumus?
556 3413 706 3492 Equidem
730 3422 842 3474 ceteras
866 3421 1057 3489 tempestates
1082 3423 1113 3473 et
