2430 3772
131 202 188 262 150
373 185 465 246 prro
485 185 675 246 'urrunsa
704 186 880 248 ornato.

178 313 251 364 Idem
259 314 290 363 Τ.
299 313 427 365 Munatius
435 315 549 374 Plancus,
558 322 585 365 ut
594 332 668 392 saepe
677 316 792 373 diximus,
801 323 857 381 post
866 315 953 365 audita
962 322 988 365 et
998 313 1131 380 obsignata

128 379 228 430 testium
245 378 321 429 verba
339 379 503 444 dimissusque
521 380 620 430 interim
640 380 733 430 iudices
749 387 838 430 vocata
853 381 969 429 contione
987 381 1131 431 cohortatus

129 450 182 493 erat
200 444 329 509 populum,
348 451 376 492 ut
393 445 467 494 clusis
486 445 595 494 tabernis
611 446 711 509 postero
728 445 769 494 die
785 447 818 494 ad
835 445 954 494 iudicium
970 447 1068 494 adesset
1083 461 1131 496 nec
1176 500 1178 505 ,

129 515 254 574 pateretur
263 508 329 557 elabi
341 509 471 558 Milonem.

178 574 203 634 (ᾖ
224 573 275 636 87.)
309 572 526 623 Incidebantur
550 572 609 623 iam
634 574 715 623 domi
740 575 830 639 leges,
856 574 1011 639 quaenos
1035 574 1131 624 servis

129 637 241 688 nostris
257 637 439 687 addicerent.

179 701 336 766 Significasse
356 702 406 751 iam
425 708 487 767 puto
508 719 554 752 nos
573 702 648 752 fuisse
665 703 731 753 inter
749 704 817 767 leges
835 704 863 753 P.
886 702 967 759 Clodi,
987 718 1048 767 quas
1067 701 1131 752 ferre

130 774 299 831 proposuerat.
319 783 374 816 eam
394 783 501 831 quoque,
519 783 569 831 qua
587 768 705 828 libertini,
724 769 836 833 quinon
855 767 911 831 plus
930 783 1007 832 quam
1025 767 1052 816 in
1071 768 1130 816 IIII

131 832 243 881 tribubus
259 831 401 895 suffragium
419 833 537 891 serebant,
551 841 651 896 possent
665 833 692 882 iu
707 832 804 883 rusticis
818 848 917 897 quoque
931 833 1053 893 tribubus,
1066 848 1131 896 quae

132 894 246 961 propriae
256 896 419 961 ingenuorum
430 905 494 956 sunt,
508 897 579 947 ferre.

180 962 204 1021 (ὅ
215 961 266 1021 88.)
300 962 435 1019 Senatus,
450 962 547 1021 credo,
567 968 737 1025 praetorem
752 976 816 1011 eum
832 960 1129 1024 circumscripsisset.

132 1025 179 1074 Ne
185 1040 257 1138 dcum
274 1025 391 1138 ¹solebat
408 1025 527 1091 quidem
542 1025 575 1075 id
589 1026 695 1084 facere,
706 1027 737 1075 in
753 1026 872 1091 privato
888 1027 991 1076 eodem
1008 1027 1064 1076 hoc
1078 1025 1130 1075 ali·

152 1091 182 1140 ui
241 1106 272 1139 ro
288 1097 396 1140 ecerat.

131 1106 149 1155 q
182 1106 310 1218 Siglbificat
321 1155 348 1204 id
359 1163 456 1219 tempus
467 1170 518 1220 quo
533 1155 561 1205 P.
575 1155 686 1213 Clodius,
698 1172 754 1206 cum
769 1156 851 1205 adhuc
862 1161 978 1220 quaestor
987 1155 1132 1219 designatus

86 1220 121 1279 53
133 1227 204 1276 esset,
214 1221 348 1284 deprensus
357 1228 401 1281 est,
411 1237 466 1270 curn
478 1221 592 1270 intrasset
601 1237 638 1282 eo,
650 1221 693 1270 ubi
701 1220 849 1270 sacrificium
857 1236 903 1282 pro
911 1221 1006 1284 populo
1015 1221 1132 1269 Romano

133 1284 216 1334 fiebat.
250 1284 326 1346 Quod
341 1284 432 1333 facturn
444 1292 556 1334 notatum
567 1294 618 1334 erat
633 1285 703 1349 gravi
713 1295 812 1335 senatus
822 1285 944 1342 consulto,
956 1286 1133 1349 decretumque

133 1356 202 1399 extra
217 1349 330 1398 ordinem
347 1350 379 1398 de
395 1365 425 1398 ea
441 1366 468 1398 re
484 1349 600 1398 iudicium
619 1350 727 1400 fieret...

181 1428 232 1477 quo
243 1412 299 1462 loco
310 1413 405 1463 inducit
416 1415 559 1480 loquentem
571 1414 693 1473 Milonem
704 1431 760 1464 cum
773 1415 896 1465 bonarum
906 1414 1014 1480 partium
1024 1413 1132 1464 homini·

131 1479 178 1528 bus
188 1478 221 1527 de
231 1477 325 1527 meritis
335 1478 400 1529 suisa

182 1544 205 1603 (ἕ
217 1542 267 1609 95.)
303 1543 423 1594 Plebem
438 1551 467 1594 et
484 1543 618 1593 infimam
634 1543 867 1603 multitudinem,
885 1558 960 1608 quae
975 1544 1002 1592 P.
1022 1542 1133 1593 Clodio

134 1609 207 1658 duce
218 1607 347 1658 fortunis
358 1609 468 1659 vestris
481 1607 667 1670 imminebat,
680 1625 751 1667 eam,
764 1625 823 1674 quo
834 1608 929 1658 tutior
943 1616 1023 1657 esset
1034 1617 1133 1657 vestra

134 1673 204 1734 vita,
223 1688 253 1722 se
269 1672 378 1722 fecisse
394 1681 604 1723 commemorat
620 1680 653 1723 ut
671 1689 730 1724 non
746 1673 835 1722 modo
851 1673 965 1722 virtute
980 1672 1130 1732 flecteret,

134 1738 185 1787 sed
202 1738 291 1787 etiam
308 1739 405 1788 tribus
421 1739 483 1788 suis
500 1738 692 1803 patrimoniis
707 1738 867 1788 deleniret.

183 1803 248 1851 Puto
258 1803 308 1851 iam
318 1818 393 1866 supra
403 1819 457 1853 esse
466 1803 561 1852 dictum
573 1804 695 1853 Milonem
706 1819 736 1852 ex
747 1802 841 1852 familia
852 1802 927 1852 luisse
937 1802 1026 1866 Papia,
1040 1800 1131 1851 deinde

134 1867 280 1930 adoptatum
294 1883 348 1916 esse
362 1869 396 1916 ab
410 1869 441 1917 T.
454 1868 546 1925 Annio,
558 1884 606 1917 avo
620 1884 665 1918 suo
675 1875 797 1916 materno.
830 1867 941 1917 Tertium
957 1867 1134 1932 patrimonium

134 1932 232 1980 videtur
242 1931 379 1995 significare
390 1933 489 1993 matris;
506 1933 574 1981 aliud
585 1933 651 1981 enirn
662 1933 730 2008 quod
742 1930 821 1991 luerit,
835 1947 886 1981 non
897 1931 1006 1981 invenio.

184 1995 288 2044 Peracta
303 1997 426 2060 utrimque
442 2013 515 2046 causa
531 1997 621 2060 singuli
637 2012 726 2062 quinos
742 2003 870 2046 accusator
885 2002 910 2046 et
926 2012 982 2046 reus
998 2002 1132 2055 senatores,

134 2060 240 2110 totidem
251 2060 345 2124 equites
357 2068 381 2109 et
390 2062 501 2110 tribunos
511 2062 618 2110 aerarios
628 2061 773 2122 reiecerunt,
782 2063 818 2111 ita
827 2068 855 2110 ut
863 2076 926 2110 unus
937 2068 962 2110 et
971 2060 1135 2110 Lsententias

136 2124 246 2174 tulerint.
288 2125 420 2175 Senatores
441 2127 668 2176 condemnaverunt
690 2126 756 2184 XII,
778 2127 937 2175 absolverunt
957 2125 1011 2186 VI3
1040 2125 1136 2190 equites

135 2190 360 2239 condemnaverunt
383 2191 463 2248 XIII,
481 2191 640 2240 absolverunt
663 2191 738 2251 11113
760 2191 853 2240 tribuni
875 2190 962 2240 aerarii
984 2191 1134 2239 condemna·

135 2262 222 2304 verunt
233 2254 313 2311 XIII,
324 2255 483 2305 absolverunt
498 2255 551 2306 111.
587 2255 744 2305 Videbantur
753 2271 805 2304 non
816 2256 941 2319 ignorasse
952 2255 1046 2304 iudices
1056 2254 1135 2304 inscio

137 2318 233 2368 Milone
250 2319 322 2368 initio
339 2320 494 2369 vulneratum
511 2334 565 2369 esse
582 2320 708 2378 Clodium,
725 2320 769 2370 sed
791 2326 961 2384 compererant
984 2327 1041 2384 post
1060 2333 1135 2384 quam

136 2385 277 2440 vulneratus
299 2392 363 2434 esset
384 2385 451 2434 iussu
473 2385 577 2434 Milonis
598 2386 714 2435 occisum
752 2386 861 2434 Fuerunt
883 2384 926 2449 qui
948 2385 1076 2434 crederent
1096 2383 1134 2431 Μ.

137 2448 240 2499 Catonis
256 2449 378 2498 sententia
394 2465 452 2498 eum
471 2466 524 2500 esse
540 2450 696 2511 absolutum
718 2464 776 2499 nam
793 2457 818 2499 et
835 2449 900 2498 bene
918 2465 975 2499 cum
992 2449 1135 2513 republica

136 2519 220 2563 actum
235 2529 288 2562 esse
301 2521 381 2564 morte
397 2515 424 2564 P.
440 2513 514 2564 Clodi
528 2531 580 2564 non
594 2514 789 2564 dissimulaverat
805 2521 830 2564 et
844 2514 960 2564 studebat
974 2513 1001 2563 in
1015 2513 1135 2578 petitione

137 2579 277 2628 consulatus
294 2578 385 2627 Miloni
403 2585 428 2628 et
445 2595 488 2628 reo
504 2579 623 2629 adsuerat.
659 2579 839 2629 Nominaverat
854 2594 954 2644 quoque
972 2594 1030 2628 eum
1047 2578 1136 2628 Cicero

137 2650 291 2707 praesentem
303 2652 328 2692 et
339 2651 441 2692 testatus
452 2651 503 2694 erat
516 2645 612 2694 audisse
623 2659 680 2694 eum
691 2660 707 2693 a
719 2646 754 2694 M.
765 2643 878 2693 Favonio
888 2643 1025 2693 antediem
1036 2642 1135 2692 tertium

90 2706 127 2765 54
138 2723 213 2772 quam
224 2708 289 2757 lacta
298 2709 387 2757 caedes
397 2716 459 2766 erat,
471 2709 587 2758 Clodium
603 2708 694 2758 dixisse
708 2708 844 2773 periturum
856 2723 909 2758 esse
924 2724 955 2759 eo
965 2707 1048 2770 triduo
1060 2707 1135 2757 Milo·

138 2789 196 2821 nem
208 2805 333 2822 .......
370 2774 421 2823 Sed
441 2774 544 2823 Milonis
560 2790 660 2839 quoque
681 2782 767 2823 notam
785 2773 914 2823 audaciam
933 2772 1055 2822 removeri
1073 2786 1089 2821 a
1109 2786 1137 2820 re

138 2837 238 2901 publica
257 2836 317 2886 utile
336 2837 415 2886 visum
436 2847 480 2887 est.
522 2838 590 2888 Scire
609 2847 692 2887 tamen
711 2853 786 2887 nemo
807 2853 925 2903 umquam
947 2837 1037 2902 potuit,
1055 2843 1136 2886 utram

138 2901 285 2950 sententiam
307 2901 410 2950 tulisset.
448 2902 602 2951 Damnatum
624 2910 706 2952 autem
728 2918 804 2967 opera
826 2902 933 2951 maxime
955 2902 1025 2967 Appi
1047 2900 1137 2951 Claudi

138 2966 324 3028 pronuntiatum
336 2973 380 3015 est.
413 2966 478 3014 Milo
489 2977 589 3030 postero
600 2969 641 3017 die
652 2983 718 3016 nova
727 2967 784 3031 lege
795 2966 873 3016 lactus
884 2982 940 3016 reus
950 2967 1058 3016 ambitus
1068 2965 1135 3029 apud

139 3030 262 3080 Manlium
272 3029 428 3094 Torquatum
443 3032 532 3081 absens
547 3033 678 3082 damnatus
692 3039 738 3081 est.
772 3030 821 3080 Illa
831 3047 930 3096 quoque
945 3031 1000 3094 lege
1010 3040 1138 3080 accusator

138 3095 184 3145 suit
201 3096 254 3144 eius
270 3095 368 3159 Appius
385 3095 512 3152 Claudius,
530 3105 555 3145 et
573 3112 629 3145 curn
646 3095 669 3146 ei
685 3096 824 3161 praemium
841 3097 896 3159 lege
913 3096 1021 3152 daretur,
1037 3093 1139 3158 negavit

139 3175 215 3209 seeo
232 3160 277 3209 uti.
312 3159 514 3224 subscripserunt
533 3162 556 3209 ei
574 3162 600 3209 in
619 3161 727 3210 ambitus
746 3161 838 3210 iudicio
858 3161 887 3210 P.
905 3160 1019 3208 Valerius
1040 3160 1094 3208 Leo
1113 3165 1138 3207 et

139 3224 187 3272 Cn.
200 3224 326 3273 Domitius
337 3224 384 3274 Cn.
399 3224 415 3273 i.
445 3226 504 3274 Post
516 3241 608 3288 paucos
618 3225 672 3275 dies
682 3240 782 3290 quoque
794 3224 859 3274 Milo
870 3225 937 3338 apud
948 3224 986 3272 Μ.
998 3223 1138 3272 Favonium

139 3289 303 3352 quaesitorem
318 3288 351 3337 de
365 3288 489 3338 sodaliciis
503 3289 635 3339 damnatus
646 3297 683 3338 est
697 3297 828 3339 accusante
840 3290 867 3339 P.
902 3288 970 3338 ulvio
981 3288 1086 3344 Nerato,
1099 3286 1138 3336 cui

141 3367 155 3400 e
173 3354 227 3416 lege
246 3353 383 3417 praemium
403 3353 490 3402 datum
508 3361 553 3403 est.
589 3354 689 3403 Deinde
707 3354 775 3418 apud
794 3354 825 3402 L.
846 3354 952 3403 Fabium
974 3352 1139 3417 quaesitorem

141 3415 231 3466 iterum
258 3418 348 3466 absens
375 3417 506 3467 damnatus
533 3426 570 3467 est
597 3417 629 3466 de
656 3417 697 3468 vi:
725 3418 849 3468 accusavit
877 3419 907 3467 L.
938 3415 1088 3467 Cornificius
1115 3420 1141 3465 et

131 3478 164 3540 Q.
181 3481 319 3533 Patulcius.
355 3481 422 3532 Milo
437 3482 464 3532 iu
480 3482 582 3532 exilium
599 3482 737 3532 Massiliam
753 3483 819 3532 intra
834 3480 996 3547 paucissimos
1012 3481 1070 3531 dies·
1082 3494 1139 3546 pro·
