2430 3772
122 215 185 273 vri
204 211 253 295 18]
353 216 443 277 Pro
469 216 653 276 MILONE
683 215 858 275 ornam.
1078 235 1113 292 31

122 343 211 404 tulit?
252 346 371 421 Nempe
395 356 428 404 ut
452 356 649 421 quaereretur.
692 344 774 420 Quid
797 364 887 422 porro
912 347 1116 422 quaerendum

123 444 190 502 est?
220 431 400 503 ⁸Factumne
427 443 486 502 sit?
530 446 571 502 At
598 455 723 502 constat.
770 446 798 502 A
825 445 908 520 quo?
956 445 996 500 At
1025 453 1114 518 patet.

122 537 207 598 Vidit
223 538 311 617 igitur
329 539 418 598 etiam
436 538 468 599 in
484 539 671 601 consessione
688 539 757 600 facti
774 539 843 600 iuris
857 552 957 601 tamen
971 540 1117 600 defensio-

124 653 193 695 nem
208 634 317 712 suscipi
336 653 433 712 posse.
478 636 569 711 Quod
590 635 647 696 nisi
662 636 781 697 vidisset
803 656 892 713 posse
913 636 1027 697 absolvi
1048 656 1115 697 curn

96 732 175 809 squi
189 734 334 805 fateretur,
350 753 419 792 cum
433 731 546 793 videret
564 753 619 793 nos
633 732 724 806 fateri,
740 753 838 810 neque
854 733 957 810 quaeri
974 753 1115 811 umquam

123 830 256 891 iussisset
269 850 326 890 nec
337 830 421 891 vobis
436 844 496 890 tam
511 831 589 890 hanc
602 833 758 891 salutarem
772 832 803 890 in
818 832 979 893 iudicando
990 831 1115 893 litteram

123 946 213 1003 quam
228 927 308 986 illam
324 927 435 987 tristem
450 927 590 988 dedisset.
632 929 709 987 Mihi
723 948 793 988 vero
808 931 862 991 Cn.
881 929 1040 1006 Pompeius
1054 946 1115 988 non

123 1026 217 1085 modo
238 1027 311 1084 nihil
331 1026 447 1102 gravius
467 1037 573 1085 contra
597 1026 743 1085 Milonem
768 1025 924 1098 iudicasse,
948 1028 1002 1087 sed
1026 1026 1115 1086 etiam

124 1121 261 1182 statuisse
273 1121 398 1194 videtur,
414 1121 487 1198 quid
501 1141 555 1182 vos
569 1120 600 1181 in
614 1122 776 1183 iudicando
796 1135 930 1200 spectare
949 1135 1116 1201 oporteret3

83 1253 109 1282 ιο
122 1239 191 1279 nam
213 1219 264 1296 qui
284 1238 347 1279 non
368 1238 497 1296 poenam
518 1220 706 1293 confessioni,
723 1222 776 1281 sed
797 1222 1002 1282 defensionem
1023 1221 1113 1296 dedit,

123 1316 149 1375 is
176 1335 296 1374 causam
324 1314 459 1375 interitus
486 1319 697 1391 quaerendam,
724 1337 785 1377 non
812 1317 963 1378 interitum
992 1319 1113 1396 putavit.

123 1417 196 1475 VII.
240 1418 305 1474 Iam
323 1415 397 1474 illud
415 1413 480 1491 ipse
499 1415 579 1476 dicet
593 1418 735 1494 profecto,
751 1419 833 1494 quod
849 1437 902 1477 sua
917 1428 1024 1494 sponte
1039 1418 1116 1488 fecit,
1133 1417 1169 1476 16

125 1512 271 1572 Publione
296 1511 406 1573 Clodio
430 1512 621 1575 tribuendum
645 1514 755 1592 putarit
779 1535 819 1574 an
848 1515 982 1592 tempori.
1025 1514 1116 1575 Domi

124 1627 195 1668 suae
206 1607 405 1668 nobilissimus
416 1607 467 1682 vir,
480 1621 599 1669 senatus
610 1622 810 1687 propugnator
823 1622 913 1688 atque
927 1611 983 1670 illis
994 1611 1116 1687 quidem

83 1739 108 1775 ιε
122 1704 306 1781 temporibus
324 1725 421 1782 paene
438 1717 588 1782 patronus,
603 1710 765 1767 avonculus
783 1707 870 1767 huius
890 1707 995 1767 iudicis
1014 1707 1115 1781 nostri,

123 1802 274 1862 fortissimi
287 1803 348 1874 viri,
360 1805 403 1861 M.
416 1803 548 1875 Catonis,
559 1805 692 1864 tribunus
706 1804 802 1883 plebis
818 1808 861 1867 M.
873 1809 987 1866 Drusus
1001 1804 1116 1866 occisus

123 1913 187 1974 est;
208 1900 280 1959 nihil
298 1903 336 1961 de
355 1902 418 1961 eius
437 1913 533 1962 morte
553 1905 683 1980 populus
703 1906 864 1976 consultus,
880 1906 960 1963 nulla
980 1907 1115 1981 quaestio

123 2000 244 2059 decreta
264 2018 282 2057 a
303 2010 407 2058 senatu
427 2010 479 2060 est.
525 2000 678 2074 Quantum
697 2002 809 2060 luctum
824 2000 854 2060 in
869 2003 925 2060 hac
940 2005 1013 2062 urbe
1026 2002 1116 2062 fuisse

123 2116 141 2156 a
161 2095 269 2155 nostris
290 2095 420 2172 patribus
441 2097 619 2174 accepimus,
634 2118 704 2157 curn
727 2101 758 2158 P.
781 2099 921 2159 Africano
942 2100 1024 2159 domi
1046 2119 1116 2159 suae

82 2226 108 2253 ,ο
121 2193 286 2271 quiescenti
310 2195 360 2252 illa
384 2206 530 2254 nocturna
553 2195 598 2254 vis
622 2207 700 2256 esset
727 2195 824 2255 illata!
866 2196 940 2272 Quis
966 2207 1028 2256 tum
1054 2217 1115 2256 non

122 2292 258 2369 gemuit?
289 2291 364 2367 Quis
380 2311 442 2351 non
462 2293 533 2353 arsit
551 2294 662 2365 dolore,
680 2313 770 2369 quem
790 2292 994 2367 immortalem,
1011 2294 1034 2355 si
1054 2294 1116 2354 fieri

124 2400 232 2467 posset,
249 2408 353 2449 omnes
374 2408 440 2450 esse
459 2402 611 2467 cuperent,
632 2389 694 2450 cius
715 2410 753 2451 ne
774 2391 971 2451 necessariam
993 2391 1115 2468 quidem

123 2499 326 2565 exspectatam
351 2507 416 2547 esse
440 2491 589 2549 mortem?
630 2490 712 2548 Num
733 2487 821 2564 igitur
840 2491 901 2548 ulla
921 2489 1057 2566 quaestio
1078 2492 1116 2550 de

124 2584 254 2644 Africani
275 2595 371 2644 morte
392 2585 451 2644 lata
471 2587 539 2645 est?
580 2577 669 2647 Certe
693 2587 782 2645 nulla.
826 2585 908 2660 Quid
936 2585 999 2645 ita?
1039 2586 1118 2661 Quia
1134 2586 1169 2644 17

82 2716 109 2754 25
123 2702 184 2742 non
212 2683 271 2744 alio
298 2683 430 2742 facinore
457 2683 527 2742 clari
555 2685 700 2756 homines,
729 2683 788 2744 alio
817 2684 935 2745 obscuri
965 2698 1114 2745 necantur.

125 2779 246 2840 Intersit
260 2778 335 2839 inter
344 2779 423 2840 vitae
436 2779 611 2856 dignitatem
627 2799 809 2840 summorum
824 2793 914 2857 atque
929 2781 1098 2841 infimorum
1104 2803 1112 2854 3

124 2893 203 2933 mors
218 2874 338 2950 quidem
354 2874 434 2934 illata
447 2896 502 2952 per
520 2879 616 2936 scelus
638 2876 733 2936 isdem
754 2888 784 2936 et
806 2877 910 2953 poenis
932 2889 1066 2937 teneatur
1086 2888 1116 2938 et

124 2971 247 3048 legibus.
291 2970 357 3030 Nisi
375 2974 451 3032 sorte
470 2974 564 3050 magis
583 2974 637 3034 erit
655 2974 808 3051 parricida,
825 2974 913 3051 siqui
931 2977 1115 3035 consularem

124 3079 248 3144 patrem,
264 3087 354 3144 quam
368 3067 393 3128 si
408 3067 473 3146 quis
487 3069 630 3129 humilem
644 3071 765 3146 necarit,
780 3083 831 3131 aut
845 3091 882 3132 eo
897 3091 976 3131 mors
989 3072 1116 3131 atrocior

82 3196 109 3236 30
122 3163 176 3224 erit
191 3167 222 3222 P.
240 3163 338 3240 Clodi,
353 3166 436 3240 quod
450 3163 475 3226 is
492 3165 524 3225 in
544 3167 745 3227 monumentis
766 3168 911 3228 maiorum
931 3188 1050 3228 suorum
1070 3181 1115 3229 est

123 3263 293 3323 interfectus
302 3285 311 3338 3
332 3265 392 3323 hoc
406 3263 485 3324 enim
499 3266 537 3326 ab
553 3266 615 3326 istis
634 3285 724 3342 saepe
742 3266 866 3342 dicitur;
888 3266 1013 3343 proinde
1030 3267 1115 3344 quasi

122 3359 241 3437 Appius
255 3360 305 3419 ille
319 3361 435 3420 Caecus
449 3361 525 3421 viam
541 3361 707 3434 muniverit,
722 3382 784 3422 non
798 3381 857 3438 qua
876 3365 1004 3440 populus
1022 3375 1114 3423 utere·

122 3466 178 3529 tur,
194 3458 248 3516 sed
262 3455 313 3516 ubi
330 3456 454 3534 impune
472 3457 517 3517 sui
535 3457 646 3536 posteri
665 3457 921 3518 latrocinarentur.
959 3457 1189 3527 itanum&
