2430 3772
485 187 727 248 APPEllDIX
750 186 790 248 A.
1083 203 1138 261 143

142 323 285 366 accusatore
299 322 325 366 et
340 333 356 366 a
366 331 409 366 reo
423 316 533 381 perorari
547 316 656 377 iubebat,
671 315 706 366 ita
719 322 747 365 ut
761 315 826 364 duae
840 313 917 363 horae
931 311 1075 370 accusatori,
1091 320 1140 372 tres

142 397 186 431 reo
203 381 329 430 darentur.
364 380 414 431 His
435 381 532 444 legibus
550 382 670 430 obsistere
686 382 725 430 M.
744 381 843 429 Caelius
860 380 973 428 tribunus
991 377 1027 442 pl.
1046 378 1139 426 studio·

142 447 253 495 sissimus
269 445 373 494 Milonis
388 455 491 495 conatus
507 453 553 506 est,
566 446 634 510 quod
651 453 676 494 et
692 445 848 510 privilegium
864 444 957 492 diceret
973 442 999 490 in
1017 443 1140 490 Milonem
1211 473 1214 479 ‚

142 511 200 560 ferri
211 518 236 560 et
247 511 339 559 iudicia
352 511 524 576 praecipitatu
542 512 587 560 sed
601 525 660 559 cum
674 510 824 574 pertinacius
837 508 918 572 legem
934 507 1034 556 Caelius
1044 507 1139 570 vitupe-

142 585 215 635 raret,
229 590 260 624 eo
275 576 394 650 processit
408 576 459 624 irae
475 575 616 640 Pompeius,
630 580 657 623 ut
672 575 772 634 diceret,
789 573 811 622 si
825 581 925 622 coactus
939 579 1010 630 esset,
1025 587 1051 620 se
1065 571 1141 620 armis

142 655 195 689 rem
214 638 341 704 publicam
359 639 525 688 defensurum.
558 639 675 688 Timebat
693 645 776 687 autern
797 638 931 701 Pompeius
953 637 1075 685 Milonem
1097 651 1140 684 seu

142 705 229 754 timere
240 719 267 753 se
278 704 425 753 simulabat:
441 704 587 768 plerumque
602 719 653 753 non
664 703 734 751 dorni
745 718 811 762 suae,
825 703 869 751 sed
884 703 911 750 in
921 702 999 750 hortis
1012 701 1136 760 manebat,

142 769 218 833 idque
235 769 317 832 ipsum
334 768 361 817 in
376 769 551 832 superioribus,
565 768 631 817 circa
646 782 710 832 quos
725 768 801 815 etiam
818 782 909 830 magna
927 781 1015 814 manus
1033 763 1140 813 militum

143 834 289 883 excubabat.
326 833 446 882 Senatum
458 848 557 897 quoque
572 832 649 882 semel
664 839 766 896 repente
779 831 906 880 dimiserat
917 830 1058 894 Pompeius,
1073 830 1140 893 quod

143 899 236 947 diceret
253 897 340 946 timere
356 913 384 946 se
399 897 534 946 adventum
552 897 664 946 Milonis.
697 896 765 945 Dein
781 896 894 959 proximo
910 904 996 943 senatu
1013 895 1040 943 P.
1054 894 1140 943 Comi·
1152 883 1190 942 38

48 1020 51 1026 ,
143 962 213 1012 ficius
223 961 315 1011 ferrum
327 963 450 1010 Milonem
460 962 526 1010 intra
536 962 644 1011 tunicam
656 961 748 1010 babere
758 961 792 1009 ad
802 960 881 1009 femur
892 959 1020 1023 alligatum
1031 959 1126 1007 dixerat
1132 975 1140 1020 ;
1158 1007 1161 1013 ,

144 1027 311 1092 postulaverat
321 1033 349 1074 ut
360 1027 440 1076 femur
450 1027 562 1086 nudaret,
575 1034 600 1076 et
615 1027 658 1075 ille
669 1027 722 1075 sine
733 1041 804 1074 mora
817 1024 927 1073 tunicam
938 1025 1040 1072 levarat.
1075 1024 1141 1071 Tum

144 1093 182 1141 Μ.
192 1092 280 1141 Cicero
291 1091 478 1204 quqclamaverat,
489 1092 574 1140 omnia
584 1091 622 1140 illi
629 1091 721 1140 similia
730 1090 835 1140 crimina
845 1104 898 1138 esse
906 1104 971 1152 quae
981 1088 1008 1136 in
1019 1087 1141 1136 Milonem

142 1157 282 1205 dicerentur
318 1156 348 1204 'a

192 1220 292 1269 Deinde
307 1221 340 1269 Τ.
353 1219 481 1269 Munatius
494 1219 601 1268 Plancus
615 1219 729 1267 tribunus
743 1218 778 1282 pl.
791 1218 944 1282 produxerat
959 1216 985 1265 iu
1000 1216 1141 1265 contionem

143 1284 182 1333 M.
194 1285 332 1334 Aemilium
348 1284 530 1344 Philemonem,
545 1291 632 1332 notum
647 1283 782 1344 hominem,
797 1283 912 1331 libertum
928 1283 964 1330 M.
983 1281 1081 1345 Lepidi.
1115 1281 1142 1329 Is

143 1364 170 1398 se
191 1349 292 1398 dicebat
313 1349 455 1413 pariterque
475 1365 560 1398 secum
579 1353 696 1412 quattuor
717 1349 808 1398 liberos
828 1348 942 1396 homines
960 1346 1007 1395 iter
1026 1347 1143 1395 facientes

143 1415 322 1477 supervenisse,
340 1429 396 1462 cum
416 1413 520 1463 Clodius
538 1411 698 1474 occideretur,
719 1421 744 1462 et
763 1413 797 1462 ob
814 1412 840 1461 id
862 1427 918 1461 cum
937 1411 1142 1475 proclamassent,

144 1479 261 1542 abreptos
278 1485 304 1528 et
317 1494 362 1542 per
377 1478 441 1528 duos
455 1494 553 1528 menses
569 1478 595 1526 in
609 1478 671 1527 villa
687 1477 790 1526 Milonis
805 1476 946 1541 praeclusos
960 1476 1047 1536 fuisse3
1064 1490 1143 1539 eaque

144 1558 191 1602 res,
205 1558 249 1592 seu
259 1559 318 1592 vera
328 1559 373 1592 seu
383 1542 452 1603 falsa,
466 1559 583 1607 maguam
594 1542 714 1591 invidiam
729 1542 819 1591 Miloni
831 1548 994 1591 contraxerat.
1028 1541 1143 1603 Itemque

145 1607 274 1656 Munatius
293 1615 319 1656 et
336 1608 471 1671 Pompeius
489 1607 582 1656 tribuni
600 1607 636 1670 pl.
656 1608 682 1655 in
705 1614 784 1654 rostra
802 1606 969 1670 produxerant
988 1604 1143 1652 triumvirum

144 1672 278 1735 capitalem
289 1686 395 1736 eumque
406 1677 623 1736 interrogaverant,
637 1687 670 1720 an
681 1671 807 1730 Galatam,
820 1669 924 1718 Milonis
935 1684 1040 1728 servum,
1054 1669 1143 1718 caedes

144 1737 277 1786 facientem
298 1737 509 1801 deprehendisset.
543 1736 591 1785 Ille
609 1737 777 1784 ¹dormientem
799 1736 826 1783 in
846 1734 950 1784 taberna
971 1748 1017 1796 pro
1039 1733 1143 1796 fugitivo

145 1801 293 1865 prehensum
305 1811 331 1850 et
342 1801 374 1850 ad
385 1817 412 1850 se
427 1801 574 1866 perductum
585 1815 638 1849 esse
653 1800 828 1864 responderat;
844 1798 1048 1849 denuntiaverant
1059 1807 1144 1846 tamen

145 1865 238 1914 tribuni
260 1866 396 1925 triumviro,
421 1881 453 1915 ne
474 1881 573 1914 servum
595 1865 738 1914 remitteret.
778 1864 829 1915 Sed
854 1871 954 1928 postera
979 1863 1019 1911 die
1044 1862 1143 1912 Caelius

145 1931 257 1980 tribunus
276 1932 312 1995 pl.
333 1938 359 1980 et
379 1930 412 1992 Q.
432 1930 551 1980 Manilius
570 1930 698 1980 Cumanus
717 1927 813 1992 collega
830 1930 883 1978 eius
902 1935 1015 1992 ereptum
1034 1943 1048 1977 e
1067 1928 1143 1976 domo

145 1995 267 2044 triumviri
283 2011 381 2044 servum
398 1995 489 2044 Miloni
503 1995 670 2044 reddiderant.
698 1994 780 2055 Haec,
793 1995 840 2044 etsi
854 1992 947 2042 nullam
963 1994 995 2042 de
1009 1993 1049 2042 his
1063 1992 1143 2041 crimi-

145 2061 218 2109 nibus
240 2061 393 2173 mpntionem
415 2060 474 2109 feeit
493 2060 589 2118 Cicero,
608 2067 700 2120 nmen,
722 2058 782 2124 quia
801 2058 837 2108 ita
856 2074 1035 2122 compereram,
1058 2056 1144 2123 putavi

145 2140 175 2174 ex
194 2140 258 2174 ouen
276 2141 300 2173 a.
554 2171 555 2174 ,

176 2140 265 2239 1)lnter
285 2189 380 2253 primos
402 2197 427 2238 et
449 2188 482 2250 Q.
508 2189 643 2254 Pompeius
663 2195 689 2238 et
708 2188 741 2238 C,
767 2187 898 2237 Sallustius
919 2194 945 2235 et
966 2187 998 2234 T.
1017 2186 1145 2235 Munatius

147 2253 254 2303 Plancus
272 2254 364 2303 tribuni
382 2254 417 2319 pl.
437 2253 619 2303 inimicissimas
637 2253 766 2303 contiones
786 2254 819 2301 de
838 2253 936 2301 Milone
951 2250 1087 2309 habebant,
1106 2251 1143 2298 in-

145 2319 254 2368 vidiosas
272 2319 348 2368 etiam
367 2319 400 2368 de
417 2319 546 2376 Cicerone,
564 2319 632 2383 quod
651 2317 773 2366 Milonem
795 2323 866 2365 tanto
884 2316 966 2365 studio
987 2316 1143 2375 defenderet;
1156 2304 1192 2363 39

146 2391 249 2447 eratque
263 2385 373 2432 maxima
387 2399 444 2448 pars
458 2384 623 2432 multitudinis
637 2381 733 2431 infensa
743 2396 794 2429 non
809 2381 890 2430 solum
902 2380 999 2439 Miloni,
1013 2380 1143 2428 sedetiam

147 2455 250 2513 propter
264 2448 370 2497 invisum
385 2448 550 2513 patrocinium
565 2447 688 2497 Ciceroni.
724 2446 815 2494 Postea
829 2445 963 2508 Pompeius
977 2452 1002 2493 et
1014 2445 1144 2494 Sallustius

148 2513 175 2560 in
196 2513 336 2576 suspicione
358 2513 456 2561 suemnt
477 2512 569 2561 redisse
591 2512 617 2560 iu
638 2510 742 2574 gratiam
765 2526 822 2559 cum
845 2510 942 2559 Milone
957 2524 993 2557 ac
1015 2509 1144 2558 Cicerone.

147 2576 254 2626 Plancus
270 2584 353 2625 autem
370 2577 526 2626 infestissime
542 2577 649 2640 perstitit
664 2583 739 2639 atque
749 2575 776 2623 in
791 2575 937 2625 Ciceronem
947 2589 1047 2638 quoque
1062 2574 1145 2622 multi·

146 2642 259 2701 tudinem
276 2641 410 2705 instigavit,
428 2642 474 2691 Cn.
495 2642 616 2706 Pompeio
632 2648 715 2690 autem
730 2648 871 2703 suspectum
888 2639 995 2687 faciebat
1013 2638 1144 2695 Milonem,

146 2707 179 2754 ad
202 2706 336 2770 pemiciem
358 2708 411 2755 eius
433 2707 573 2770 comparari
593 2707 646 2756 vim
668 2704 828 2765 vociferatum
854 2705 1038 2768 Pompeiusque
1059 2703 1093 2751 ob
1115 2717 1145 2750 ea

146 2772 245 2834 saepius
261 2770 417 2834 querebatur,
434 2771 482 2820 sibi
499 2786 598 2836 quoque
611 2769 667 2820 fieri
683 2770 794 2829 insidias,
811 2776 837 2818 et
853 2768 880 2817 id
896 2768 988 2832 palam,
1004 2783 1034 2816 ac
1051 2767 1144 2815 maiore

146 2850 222 2884 manu
233 2850 260 2884 se
270 2836 389 2885 armabat.
415 2837 546 2885 Dicturum
557 2851 656 2900 quoque
666 2835 734 2883 diem
746 2834 860 2884 Ciceroni
872 2833 978 2883 Plancus
988 2831 1142 2891 ostendebat,

145 2907 309 2964 posteaquam
321 2900 353 2962 Q.
366 2901 500 2965 Pompeius
510 2901 577 2950 idem
589 2900 722 2948 meditatus
732 2906 792 2948 erat.
817 2899 901 2948 Tanta
911 2906 995 2947 tamen
1006 2897 1145 2947 constantia

146 2963 250 3013 aclides
260 2963 306 3012 fuit
321 2965 457 3022 Ciceronis,
468 2973 496 3014 ut
511 2981 562 3014 nou
577 2965 691 3029 populia
705 2979 731 3012 se
742 2963 899 3023 alienatione,
913 2980 964 3012 non
980 2964 1026 3012 Cn.
1039 2961 1144 3024 Pompei

147 3028 336 3093 suspicionibus,
347 3045 398 3078 non
412 3030 523 3093 periculo
538 3030 646 3078 futurum
657 3035 689 3078 ut
703 3028 751 3078 sibi
764 3028 817 3078 dies
831 3030 864 3078 ad
880 3027 1141 3092 populumdiceretur,

147 3108 198 3141 non
215 3092 298 3150 armis,
316 3108 380 3157 quae
395 3095 479 3159 palam
499 3095 525 3143 in
542 3095 665 3154 Milonem
681 3101 781 3157 sumpta
799 3100 877 3153 erant,
899 3092 1015 3141 deterreri
1037 3091 1144 3154 potuerit

146 3171 163 3205 a
179 3156 323 3206 defensione
341 3159 401 3218 eius,
421 3174 478 3208 curn
498 3166 582 3224 posset
600 3173 675 3207 omne
694 3156 830 3221 periculum
849 3173 919 3206 suum
935 3164 965 3205 et
983 3155 1144 3204 offensionem

146 3220 261 3271 inimicae
275 3221 323 3270 sibi
338 3223 502 3272 multitudinis
517 3223 650 3282 declinare,
668 3224 788 3271 redimere
803 3229 887 3271 autem
904 3222 950 3271 Cn.
969 3220 1074 3284 Pompei
1090 3220 1143 3268 aui·

146 3300 223 3344 mum,
237 3286 258 3334 si
268 3287 371 3348 paulum
382 3303 413 3336 ex
424 3288 507 3336 studio
517 3287 667 3336 defensionis
678 3286 817 3335 remisisset.

197 3349 297 3398 Perlata
312 3350 402 3401 deinde
418 3351 473 3415 lege
491 3351 618 3426 Pompeia,
638 3352 664 3399 in
680 3365 731 3415 qua
746 3349 772 3398 id
789 3364 888 3462 quoque
904 3348 1022 3412 scriptum
1039 3354 1099 3405 erat,
1116 3355 1144 3397 ut

147 3413 272 3477 quaesitor
283 3414 398 3480 suffragio
413 3415 500 3480 populi
511 3431 542 3464 ex
556 3416 596 3472 ris,
607 3415 651 3479 qui
665 3413 779 3464 consules
803 3421 899 3470 nerant,
914 3421 1045 3473 crearetur,
1059 3412 1143 3461 statim

147 3479 250 3526 comitia
270 3479 356 3528 habita
378 3489 522 3544 creatusque
544 3488 581 3529 est
603 3481 634 3529 L.
657 3478 784 3528 Domitius
807 3478 998 3527 Ahenobarbus
1015 3477 1160 3534 quaeam-
