2430 3772
80 216 119 285 48
329 280 331 285 ¹
447 213 692 275 CICERONIS
911 214 1020 297 [XXII
1038 239 1077 298 59

81 343 187 403 duxit?
226 345 350 425 Appius
397 345 509 415 Vnde?
554 346 602 404 Ab
619 344 738 431 Appio.
786 346 827 407 Di
855 348 946 407 bonit
963 352 1078 449 Quid

81 453 230 517 potest
195 460 242 499 arr
235 420 421 502 severini
396 420 524 535 ?⁸'qu'
521 422 610 502 servis
631 445 713 503 nulla
734 446 799 521 lege
820 414 956 522 quaesiio
971 438 1024 510 'e'st
1045 446 1077 509 in

81 535 236 596 dominum
251 536 318 614 (nisi
333 539 392 598 de
385 522 507 611 incestu,
525 524 562 599 ¹ut
573 538 655 599 fuit·
647 559 679 599 1n
700 541 851 616 Clodium,
866 542 919 619 qni
939 545 1096 641 proxime

80 634 117 693 ad
129 634 202 693 deos
212 635 336 694 accessit
336 636 479 713 ,propius
491 655 580 712 quam
592 648 654 696 tum
666 637 808 697 eumad
800 657 881 715 ipsos
893 614 1081 717 benelraiiat,
1124 652 1131 659 '

81 730 163 789 cuius
178 728 216 790 de
231 743 326 792 morte
340 743 493 809 tamquam
507 736 546 796 de
561 734 748 796 caerimoniis
762 735 877 797 violatis
892 739 1077 820 quaeritur);
1091 772 1103 811 ς

81 829 134 887 sed
149 841 248 888 tamen
262 830 388 890 maiores
402 831 495 890 nostri
509 830 539 889 in
555 831 709 891 dominum
721 851 821 909 quaeri
814 833 999 909 noluerunt,
1012 856 1076 898 non

81 927 153 1002 quin
173 937 275 1003 posset
295 947 398 987 verum
419 927 552 1001 inveniri,
574 930 628 989 sed
649 929 719 1006 quia
739 930 896 991 videbatur
918 932 1076 1010 indignum

81 1041 145 1082 esse
165 1035 194 1084 et
213 1025 327 1084 domini
347 1037 441 1085 morte
460 1026 527 1101 ipsa
546 1027 656 1087 tristius
666 1048 674 1101 ;
696 1029 726 1087 in
740 1050 823 1090 reum
838 1031 877 1090 de
891 1049 976 1090 servo
991 1052 1077 1093 accu·

29 1120 65 1177 60
80 1121 183 1180 satoris
204 1143 273 1183 cum
294 1123 451 1201 quaeritur,
473 1145 575 1184 verum
596 1124 720 1185 inveniri
742 1130 867 1204 potest?
907 1132 973 1206 Age
994 1150 1074 1206 vero,

82 1239 156 1295 quae
185 1233 247 1280 erat
269 1234 322 1281 aut
349 1222 444 1299 qualis
472 1223 630 1299 quaestio?
675 1228 762 1285 Heus
791 1239 832 1300 tu,
862 1229 962 1295 Rufio,
991 1228 1076 1289 verbi
1091 1261 1114 1288 ιο

81 1335 178 1389 causa,
202 1339 274 1379 cave
299 1320 338 1380 sis
363 1320 514 1381 mentiare.
559 1323 684 1384 Clodius
706 1323 828 1384 insidias
851 1325 920 1384 fecit
943 1324 1076 1385 Miloni?

82 1414 183 1474 Fecit:
207 1429 287 1477 certa
308 1438 386 1478 cruit
438 1419 543 1478 Nullas
564 1418 652 1480 iecit·
677 1433 794 1496 sperata
813 1421 941 1482 libertas.
992 1422 1076 1498 Quid

81 1512 138 1570 hac
165 1514 338 1588 quaestione
365 1515 495 1575 certius?
521 1514 646 1575 lSubito
665 1517 781 1632 arrepti
809 1519 840 1577 in
868 1516 1077 1595 quaestionem

81 1619 179 1669 tamen
198 1624 369 1689 separantur
382 1633 400 1671 a
413 1611 517 1671 ceteris
537 1611 616 1671 etin
635 1592 729 1673 arcas
730 1610 933 1688 coniciuntur,
949 1634 989 1676 ne
1008 1616 1076 1693 quis

81 1727 149 1766 cum
168 1709 210 1770 eis
227 1712 356 1788 colloqui
374 1711 487 1788 possit3
507 1709 539 1769 hi
553 1722 672 1770 centum
687 1713 751 1772 dies
765 1732 857 1791 penes
870 1723 1078 1773 accusatorem
1092 1745 1115 1780 ι

81 1825 148 1864 cum
168 1809 301 1882 luissent,
316 1811 354 1869 ab
376 1829 413 1868 eo
433 1809 500 1885 ipso
521 1821 693 1870 accusatore
713 1811 851 1886 producti
871 1823 949 1870 sunt.
993 1811 1076 1886 Quid

30 1918 35 1963 ·,
82 1903 138 1962 hac
152 1905 326 1980 quaestione
340 1906 400 1965 dici
414 1918 514 1983 potest
526 1905 675 1982 integrius,
691 1908 763 1983 quid
778 1907 996 1983 incorruptius?

83 2084 113 2156 ἐξ
127 2087 238 2147 61-66.
276 2087 377 2146 Milo’s
391 2089 517 2156 bearing
532 2087 609 2145 then
626 2087 688 2144 and
706 2089 789 2146 since
806 2087 929 2146 chorrad
945 2088 1020 2146 that
1036 2088 1078 2146 ho

147 2170 209 2228 had
221 2187 240 2228 a
250 2172 328 2239 good
340 2170 521 2242 conscience,
534 2169 596 2228 and
610 2170 650 2228 he
665 2169 723 2227 has
738 2171 829 2238 aven
844 2170 899 2227 tho
914 2171 1005 2228 licto
1020 2171 1078 2228 tho

95 2328 96 2332 Ἰ
151 2257 263 2316 absnrd
273 2272 413 2314 rumours
424 2257 519 2314 about
529 2257 601 2315 him

31 2376 67 2434 61
142 2381 263 2440 XXIII.
306 2381 398 2454 Quod
419 2378 444 2440 si
464 2380 599 2439 nondum
621 2376 692 2437 satis
713 2376 839 2446 cernitis,
855 2397 923 2436 cum
943 2396 989 2436 res
1010 2378 1078 2455 ipsa

84 2487 128 2536 tot
142 2489 201 2536 tam
217 2476 301 2536 claris
315 2476 494 2553 argumentis
506 2476 654 2552 signisque
666 2475 772 2543 luceat,
784 2493 857 2549 pura
871 2485 970 2532 mente
984 2486 1077 2552 atque

84 2571 195 2651 integra
210 2573 367 2642 Milonem,
383 2574 465 2632 nullo
480 2573 591 2631 scelere
605 2572 763 2640 imbutum,
779 2571 861 2630 nullo
876 2582 956 2629 metu
971 2585 1078 2648 perter-
1094 2606 1121 2640 a,

85 2670 180 2744 ritum,
208 2671 290 2728 nulla
317 2668 499 2729 conscientia
527 2666 725 2726 exanimatum
754 2669 884 2726 Romam
911 2670 1077 2740 revertisse,

84 2764 289 2834 recordamini,
317 2784 370 2841 per
397 2766 470 2824 deos
503 2763 685 2832 immortalis,
714 2783 791 2840 quae
823 2765 908 2824 fuerit
941 2766 1077 2826 celeritas

86 2864 194 2923 reditus
217 2865 289 2932 eius,
312 2863 363 2939 qui
385 2863 532 2939 ingressus
554 2861 586 2921 in
613 2864 709 2922 forum
737 2864 859 2920 ardente
887 2860 976 2930 curia,
1000 2881 1077 2939 quae

86 2961 259 3038 magnitudo
286 2958 386 3031 animi,
415 2960 466 3036 qui
493 2960 598 3027 voltus,
621 2978 697 3035 quae
725 2957 826 3018 oratio.
871 2961 977 3034 Neque
1004 2979 1077 3020 vero

87 3077 118 3117 se
132 3060 245 3135 populo
260 3059 365 3129 solum,
380 3058 537 3118 sedetiam
552 3057 668 3115 senatui
683 3056 840 3125 commisit,
850 3076 948 3132 neque
963 3061 1078 3117 senatui
1094 3092 1121 3129 25

87 3157 187 3226 modo,
199 3157 251 3215 sed
266 3155 355 3214 etiam
370 3154 498 3232 publicis
512 3154 665 3231 praesidiis
680 3165 709 3212 et
724 3153 820 3223 armis,
835 3172 933 3227 neque
952 3154 997 3212 his
1016 3168 1077 3213 tan·

89 3262 160 3322 tum,
172 3271 274 3310 verum
287 3251 376 3311 etiam
388 3252 451 3311 eius
465 3249 613 3327 potestati,
625 3249 672 3309 cui
686 3260 805 3308 senatus
819 3261 914 3308 totam
927 3268 988 3308 rem
1004 3251 1078 3325 pub

89 3347 184 3416 licam,
200 3366 319 3407 omnem
334 3349 438 3408 Italiae
457 3349 578 3424 pubem,
593 3359 701 3405 cuncta
721 3343 823 3422 populi
845 3344 977 3404 Romani
997 3366 1078 3405 arma

89 3441 290 3517 commiserat,
327 3445 375 3503 cui
403 3463 567 3520 numquam
599 3462 631 3502 se
663 3443 712 3501 hic
739 3444 872 3518 proiecto
900 3440 1076 3514 tradidisset,
