2430 3772
448 203 691 264 Appurvnrx
711 201 752 262 A.
1045 218 1099 276 14⁷

101 333 180 384 linum
191 333 325 390 obsideret,
334 332 479 383 discusserat
490 339 683 398 perruperatque
693 340 791 383 coetum
802 331 928 382 Domitius
940 331 982 392 ita,
992 338 1020 380 ut
1028 331 1100 381 multi

103 399 298 448 Manilianorum
309 397 511 447 interficerentur.
545 398 603 460 Quo
613 398 680 447 facto
690 404 716 448 et
726 398 827 464 plebem
837 397 948 446 infimam
962 395 1099 446 offenderat

101 471 128 514 et
137 470 237 513 senatus
247 479 364 527 magnam
374 465 479 528 gratiam
490 462 587 511 inierat.

142 529 175 641 l(5
192 527 244 593 32.)
279 528 386 593 Itaque
402 527 483 576 illud
499 528 673 577 Cassianum
689 526 834 577 iudicium
850 524 881 576 in
899 525 946 576 his
964 524 1100 591 personis

101 607 139 643 va
157 601 215 642 eat.

152 657 182 707 L.
202 656 303 706 Cassius
318 655 374 714 fluit,
390 655 454 705 sicut
470 655 519 704 iam
539 671 613 720 saepe
631 655 747 716 diximus,
766 670 878 704 summae
897 654 934 703 vir
952 654 1096 704 severitatis.

103 723 130 772 Is
141 722 256 786 quotiens
267 722 392 785 quaesitor
402 721 487 770 iudicii
497 720 599 769 alicuius
610 728 681 779 esset,
693 721 719 768 in
730 735 780 784 quo
788 720 951 784 quaerebatur
958 719 991 768 de
998 719 1100 768 homine

15 813 17 818 .
103 791 193 847 occiso,
207 786 329 835 suadebat
343 794 418 850 atque
433 785 508 834 etiam
523 785 635 849 praeibat
649 785 772 834 iudicibus
785 784 842 844 hoc,
856 785 924 848 qnod
935 784 1024 834 Cicero
1033 799 1100 832 nunc

102 853 230 911 admonet,
249 860 276 900 nt
292 857 458 914 quaereretur,
475 849 515 898 cui
531 850 599 898 bono
614 849 700 899 suimet
716 849 797 914 perire
813 865 869 898 eum
886 849 918 898 de
934 849 1003 898 cuius
1020 856 1101 899 morte

103 915 237 982 quaeritur.
266 915 308 965 Ob
319 930 393 980 quam
404 914 568 974 severitatem,
581 930 632 979 quo
643 921 755 978 tempore
766 914 823 963 Sex.
835 914 977 963 Peducaeus
987 913 1100 962 tribunus

103 981 184 1046 plebis
194 979 337 1028 criminatus
348 986 384 1029 est
396 979 426 1028 L.
441 979 572 1028 Metellum
584 979 727 1044 pontificem
743 994 808 1027 max.
823 984 951 1043 totumque
966 976 1099 1040 collegium

10 1098 15 1106 ,
103 1044 249 1111 pontificum
263 1044 329 1093 male
344 1043 465 1093 iudicasse
478 1043 511 1092 de
527 1043 622 1092 incesto
640 1043 761 1106 virginum
777 1042 924 1102 Vestalium,
940 1043 1008 1106 quod
1024 1057 1099 1091 unam

103 1110 181 1159 modo
196 1109 332 1158 Aemiliam
349 1109 516 1168 damnaverat,
536 1108 675 1157 absolverat
694 1119 776 1156 autem
793 1108 856 1156 duas
874 1109 995 1157 Marciam
1012 1114 1038 1156 et
1057 1107 1099 1155 Li·

103 1173 391 1239 ciniam,popu1ushunc
401 1173 512 1222 Cassium
522 1172 614 1222 creavit
621 1173 664 1237 qui
673 1172 704 1221 de
713 1172 806 1221 eisdem
814 1172 950 1235 virginibus
958 1178 1098 1236 quaereret:

103 1240 174 1304 isque
184 1246 209 1288 et
221 1247 337 1303 utrasque
347 1253 388 1287 eas
399 1245 423 1287 et
435 1246 562 1302 praeterea
572 1236 711 1302 complures
722 1236 783 1286 alias
793 1237 871 1287 nimia
881 1237 965 1298 etiam,
978 1243 1006 1286 ut
1016 1236 1098 1285 existi·

104 1304 181 1354 matio
192 1310 238 1360 est,
250 1304 380 1366 asperitate
391 1318 449 1351 usus
460 1302 596 1352 damnavit.

153 1369 178 1428 (5
197 1368 251 1432 33.)
285 1368 322 1416 Et
340 1367 457 1431 aspexit
476 1382 522 1416 me
540 1365 608 1416 illis
626 1365 752 1431 quidem
771 1365 874 1427 oculis,
895 1366 1008 1431 quibus
1026 1373 1099 1415 tunc

103 1433 234 1493 solebat,
249 1446 312 1481 curn
323 1432 461 1481 omnibus
473 1431 576 1481 omnia
590 1431 776 1481 minabatur.
810 1432 917 1480 Movet
928 1447 973 1480 me
984 1430 1099 1496 quippe

103 1498 206 1548 lumen
222 1498 344 1547 curiae!

154 1562 206 1612 Hic
222 1569 260 1611 est
278 1561 334 1612 Sex.
351 1559 463 1617 Clodius,
478 1576 552 1625 quem
567 1560 594 1608 in
609 1566 754 1624 argumento
770 1558 842 1608 huius
859 1558 977 1609 orationis
992 1558 1099 1608 diximus

107 1642 196 1691 corpus
210 1627 285 1677 Clodi
299 1627 325 1674 in
339 1626 433 1676 curiam
447 1625 557 1675 attulisse
571 1632 596 1674 et
611 1625 647 1674 ibi
661 1640 782 1675 cremasse
796 1639 877 1690 eoque
891 1625 991 1674 incenso
1006 1623 1099 1673 curiam

105 1693 284 1756 conflagrasse;
302 1691 359 1740 ideo
370 1691 467 1739 lumen
477 1690 577 1739 curiae
587 1689 656 1738 dicit.

154 1755 177 1819 (ἓ
197 1758 247 1820 37.)
281 1755 407 1819 Quando
424 1755 514 1804 illius
552 1764 636 1804 ostea
652 1753 717 1803 sica
733 1753 798 1813 illa,
818 1769 908 1818 quam
924 1769 940 1803 a
958 1751 1099 1803 Catilina

104 1826 270 1886 acceperat,
287 1820 479 1884 conquievit?
543 1834 594 1868 aec
610 1819 767 1877 intentata
783 1819 869 1868 nobis
885 1824 941 1876 est,
957 1817 1028 1867 huic
1045 1832 1099 1880 ego

104 1887 185 1936 obici
202 1901 254 1935 vos
273 1901 325 1950 pro
347 1900 392 1935 me
412 1900 471 1933 non
492 1899 554 1934 sum
572 1899 683 1948 passus,
703 1883 775 1934 haec
796 1882 940 1932 insidiata
958 1882 1100 1947 Pompeio

104 1957 155 2001 est.

154 2013 230 2077 Quod
241 2013 302 2062 dicit
317 2013 467 2062 intentata
479 2012 565 2062 nobis
580 2019 624 2062 est
638 2020 667 2063 et
681 2012 760 2062 obici
773 2028 826 2063 vos
840 2028 893 2078 pro
907 2027 1024 2063 menon
1037 2027 1100 2062 sum

104 2094 217 2144 passus,
234 2077 393 2127 manifestum
404 2084 441 2127 est
457 2078 579 2142 pertinere
594 2079 626 2126 ad
641 2079 668 2127 id
683 2086 788 2142 tempus,
805 2094 856 2141 quo
871 2084 928 2142 post
944 2078 1101 2142 rogationem
1110 2066 1148 2125 47

106 2160 123 2193 a
133 2145 161 2194 P.
178 2143 269 2194 Clodio
283 2143 310 2190 in
323 2159 380 2192 eum
392 2143 576 2207 promulgatam
589 2144 651 2192 urbe
664 2144 744 2192 cessit.
780 2142 863 2204 Quare
875 2144 943 2192 dicat
957 2144 1101 2193 insidiata

106 2208 250 2273 Pompeio
272 2215 323 2267 est,
348 2207 458 2256 fortassis
475 2207 606 2272 quaeratis.
654 2208 743 2256 Pisone
762 2214 787 2256 et
809 2208 918 2256 Gabinio
939 2223 1002 2258 coss.
1027 2210 1100 2273 pulso

105 2273 224 2323 Cicerone
241 2272 268 2320 in
280 2271 390 2328 exilium,
402 2287 459 2321 cum
468 2272 512 2320 III
525 2272 586 2320 Idus
598 2271 703 2321 Sextiles
715 2271 848 2335 Pompeius
858 2272 884 2320 in
895 2280 1008 2321 senatum
1019 2275 1097 2333 venit,

105 2337 196 2387 dicitur
212 2352 283 2386 servo
302 2338 330 2387 P.
349 2335 425 2386 Clodi
442 2336 494 2386 sica
514 2336 641 2397 excidisse,
662 2352 741 2400 eaque
762 2336 795 2384 ad
816 2336 952 2385 Gabinium
973 2338 1101 2388 consulem

105 2402 188 2451 delata
202 2401 298 2451 dictum
317 2407 354 2450 est
371 2417 442 2451 servo
459 2401 608 2466 imperatum
624 2416 641 2449 a
663 2401 691 2450 P.
712 2400 811 2461 Clodio,
832 2408 861 2450 ut
882 2402 1016 2466 Pompeius
1035 2403 1099 2452 occi·

104 2467 211 2516 deretur.
248 2466 381 2530 Pompeius
399 2466 484 2516 statim
502 2466 605 2515 domum
625 2465 698 2514 rediit
719 2472 744 2515 et
765 2481 796 2514 ex
820 2480 852 2515 eo
872 2465 941 2515 domi
961 2482 988 2516 se
1010 2468 1096 2517 tenuit.

105 2531 228 2581 Obsessus
242 2537 279 2580 est
296 2531 373 2581 etiam
390 2546 406 2579 a
424 2530 515 2580 liberto
533 2530 608 2580 Clodi
625 2530 757 2591 Damione,
778 2537 805 2579 ut
828 2547 859 2579 ex
880 2531 952 2580 Actis
971 2531 1024 2581 eius
1040 2532 1100 2582 anni

104 2595 219 2661 cognovi,
238 2595 369 2659 inquibus
385 2595 435 2644 XV
450 2594 508 2645 Kal.
525 2595 595 2660 Sept.
613 2594 643 2646 L
662 2595 759 2644 Novius
771 2595 884 2644 tribunus
918 2594 987 2657 lebis,
1005 2597 1101 2660 collega

105 2660 187 2720 Clodi,
201 2675 258 2709 cum
269 2660 362 2709 Damio
373 2660 504 2709 adversum
515 2660 546 2710 L.
558 2660 673 2709 Flavium
683 2666 822 2724 praetorem
836 2611 974 2723 appellaret
988 2662 1101 2710 tribunos

104 2731 129 2775 et
150 2724 244 2774 tribuni
262 2725 295 2773 de
316 2725 483 2788 appellatione
501 2731 685 2787 cognoscerent,
709 2724 744 2772 ita
765 2726 912 2773 sententiam
933 2725 1011 2775 dixit:
1034 2726 1100 2775 Etsi

104 2790 140 2839 ab
161 2790 219 2838 hoc
236 2789 411 2854 apparitore
429 2789 457 2838 P.
480 2788 569 2838 Clodi
591 2788 767 2838 vulneratus
788 2803 857 2848 sum,
879 2796 908 2838 et
928 2788 1100 2840 hominibus

104 2854 226 2904 armatis
244 2853 407 2918 praesidiis
423 2853 583 2918 dispositis
598 2869 657 2903 are
672 2853 793 2918 publica
809 2861 937 2904 remotus
953 2855 1002 2905 Cn.
1020 2856 1100 2904 Pom·

104 2919 188 2984 peius
199 2919 398 2982 obsessusque
413 2923 471 2967 est:
487 2933 551 2967 cum
565 2918 708 2982 appeller,
722 2933 780 2967 non
797 2925 863 2967 utar
873 2919 938 2968 eius
951 2919 1097 2984 exemplo,

104 2999 190 3048 quem
201 2983 352 3046 vitupero,
365 2987 393 3030 et
404 2981 547 3031 iudicium
558 2982 670 3043 tollam,
684 2991 709 3033 et
720 2983 815 3047 reliqua
824 2983 857 3032 de
867 2983 1049 3034 intercessione.

153 3048 236 3097 Haec
247 3047 325 3096 viam
335 3046 464 3112 Appiam
474 3055 698 3096 monumentum
710 3048 842 3097 nominis
856 3049 902 3098 sui
916 3064 987 3098 nece
1000 3047 1101 3113 Papiri

105 3112 281 3163 cruentavit.

152 3176 288 3241 Pompeius
298 3181 356 3240 post
366 3175 519 3240 triumphum
530 3175 727 3225 Mithridaticum
742 3175 857 3240 Tigranis
873 3176 951 3225 filium
967 3177 994 3226 in
1007 3178 1100 3228 catenis

104 3240 254 3306 deposuerat
270 3240 338 3305 apud
362 3240 477 3290 Flavium
497 3247 648 3290 senatorem:
670 3240 713 3305 qui
732 3249 820 3305 postea
839 3256 895 3290 cunr
916 3247 980 3291 esset
1002 3248 1102 3306 praetor

104 3306 193 3355 eodem
210 3320 285 3365 anno,
300 3320 351 3370 quo
367 3305 574 3381 tribunusplebis
591 3305 701 3366 Clodius,
720 3305 792 3369 petiit
810 3305 843 3353 ab
859 3321 890 3355 eo
907 3305 1011 3355 Clodius
1027 3322 1101 3370 super

103 3385 199 3431 cenam,
218 3376 246 3419 ut
262 3370 397 3433 Tigranem
411 3370 501 3418 adduct
517 3369 619 3429 iuberet,
638 3377 666 3418 ut
680 3385 738 3418 eum
750 3369 852 3419 videret.
888 3370 1033 3420 Adductum
1050 3371 1100 3420 col-

102 3432 195 3484 locavit
211 3435 239 3484 in
258 3435 380 3495 convivio,
402 3435 462 3483 dein
479 3434 567 3483 Flavio
584 3448 636 3482 non
657 3433 765 3483 reddidit
786 3434 936 3498 Tigranem,
953 3436 1029 3482 dordr
1043 3449 1112 3480 auae

103 3498 190 3550 habuit
201 3506 271 3550 extra
281 3506 381 3548 catenas
391 3514 437 3548 nec
448 3498 570 3565 repetenti
581 3497 704 3564 Pompeio
717 3498 843 3548 reddidit.
873 3497 1020 3546 Postea'm
1028 3503 1134 3537 naum

961 3599 1075 3645 &Cr-‘2
