2430 3772
130 211 252 272 xxxu
266 205 319 292 aa]
368 211 461 271 pao
486 208 670 271 MILONE
699 211 874 272 ormo.
1079 228 1117 288 59

129 339 326 400 taeterrimam
346 351 474 399 mortem
494 338 598 412 obiret,
620 349 734 398 utnon
757 342 909 401 absolutus
929 339 1039 402 iudicio
1066 344 1118 403 illo

129 435 242 497 nefario
269 434 425 509 videretur,
450 436 505 494 sed
531 436 571 495 ad
597 436 675 495 hanc
702 436 848 514 insignem
875 458 1004 516 poenam
1030 459 1119 500 reser-

128 545 221 593 vatus.
263 532 396 592 XXXII.
439 531 507 592 Nec
527 551 598 592 vero
619 553 679 593 non
701 535 807 594 eadem
830 534 873 595 ira
896 537 1019 596 deorum
1042 538 1118 596 hanc

128 631 191 692 eius
212 631 386 691 satellitibus
406 628 507 690 iniecit
526 629 695 703 amentiam,
717 642 751 691 ut
771 631 835 691 sine
855 630 1040 709 imaginibus
1055 633 1118 695 sine

102 742 217 798 scantu
242 739 332 805 atque
354 727 439 800 ludis
462 727 527 788 sine
548 727 703 804 exsequiis,
725 728 789 789 sine
809 728 954 799 lamentis,
975 728 1039 790 sine
1059 731 1118 790 lau-

128 825 307 899 dationibus,
333 823 397 884 sine
423 826 534 896 funere,
560 825 671 884 oblitus
698 844 802 885 cruore
826 836 856 885 et
877 827 950 899 luto,
975 828 1118 902 spoliatus

128 923 206 984 illius
232 922 361 1000 supremi
388 921 447 982 diei
475 920 654 995 celebritate,
683 922 732 982 cni
758 925 864 984 cedere
891 921 1002 982 inimici
1029 924 1118 985 etiam

128 1023 234 1092 solent,
249 1021 451 1080 ambureretur
466 1018 608 1079 abiectus.
651 1021 723 1079 Non
742 1018 830 1079 inisse
850 1020 941 1079 credo
960 1021 1004 1079 fas
1024 1020 1119 1081 claris-

127 1116 269 1179 simorum
292 1117 420 1177 virorum
447 1118 557 1177 formas
576 1116 618 1176 illi
639 1117 806 1179 taeterrimo
826 1116 987 1194 parricidae
1006 1118 1118 1195 aliquid

87 1250 112 1277 ιο
125 1216 243 1276 decoris
270 1216 393 1288 adferre,
421 1234 521 1291 neque
548 1216 610 1274 ullo
634 1213 666 1273 in
694 1215 761 1275 loco
789 1214 888 1291 potius
908 1227 1034 1275 mortem
1055 1215 1118 1275 eius

128 1313 259 1382 lacerari,
285 1332 375 1390 quarn
398 1311 430 1371 in
454 1331 515 1388 quo
539 1323 617 1372 esset
639 1311 699 1373 vita
721 1314 870 1374 damnata.

127 1510 160 1585 ἐξ
173 1511 286 1570 87-91.
324 1510 387 1568 Tho
398 1511 468 1568 ruin
480 1510 515 1568 of
527 1512 581 1569 tho
599 1512 731 1579 country
741 1510 843 1568 would
858 1509 937 1568 haro
951 1509 1028 1569 been
1044 1524 1120 1569 com·

395 1598 478 1666 plato
489 1597 551 1656 had
562 1602 618 1656 not
631 1597 754 1655 (tlodlns
765 1597 844 1656 diod

189 1723 280 1792 Dura,
296 1740 345 1782 me
363 1719 430 1780 dius
450 1719 547 1793 fidius,
563 1717 636 1779 mihi
654 1719 714 1779 iam
728 1719 845 1778 fortuna
865 1717 969 1795 popnli
990 1716 1120 1778 Romani
1133 1719 1171 1777 87

127 1831 158 1881 et
183 1818 311 1879 crudelis
330 1817 494 1892 videbatur,
516 1838 593 1896 quae
613 1829 658 1878 tot
680 1836 775 1877 annos
798 1817 880 1876 illurn
903 1817 935 1876 in
956 1817 1033 1876 hanc
1055 1835 1118 1876 rem

126 1916 279 1994 publicam
293 1915 432 1976 insultare
446 1926 601 1993 pateretur.
642 1916 790 1974 Polluerat
804 1924 906 1990 stupro
920 1912 1118 1974 sanctissimas

85 2049 111 2084 15
126 2015 294 2092 religiones,
317 2026 437 2074 senatus
457 2011 629 2092 gravissima
649 2013 768 2073 decreta
787 2013 973 2088 perfregerat,
993 2008 1119 2087 pecunia

127 2131 161 2172 se
189 2132 208 2171 a
235 2110 385 2172 iudicibus
417 2113 515 2188 palam
548 2112 724 2182 redemerat,
752 2121 871 2170 vexarat
903 2107 935 2167 iu
968 2108 1119 2169 tribunatu

127 2219 271 2280 senatum,
287 2207 421 2268 omnium
436 2208 572 2269 ordinum
590 2227 737 2268 consensu
753 2227 807 2284 pro
822 2208 915 2266 salute
928 2205 970 2267 rei
983 2205 1118 2283 publicae

126 2316 210 2381 gesta
243 2304 410 2381 resciderat,
446 2326 495 2368 me
528 2306 623 2383 patria
653 2307 812 2382 expulerat,
842 2306 922 2365 bona
949 2303 1115 2381 diripuerat,

126 2403 251 2462 domum
272 2403 453 2478 incenderat,
475 2403 591 2478 liberos
616 2403 772 2480 coniugem
795 2422 892 2462 meam
911 2411 1038 2474 vexarat,
1060 2401 1116 2462 Cn.

97 2533 111 2558 ο
127 2497 273 2575 Pompeio
293 2499 435 2560 nefarium
458 2501 569 2560 bellurn
590 2498 744 2572 indixerat,
758 2499 979 2575 magistratuum
994 2497 1119 2574 privato·

125 2615 250 2673 rumque
278 2597 379 2656 caedis
406 2599 550 2668 effecerat,
580 2599 703 2658 domurn
731 2595 910 2657 meisratris
937 2594 1117 2666 incenderat,

125 2704 254 2753 vastarat
283 2693 437 2768 Etruriam,
468 2695 578 2753 multos
607 2692 728 2754 sedibus
759 2714 794 2753 ac
820 2692 943 2754 fortunis
974 2691 1117 2766 eiecerat3

125 2791 256 2850 instabat
276 2793 418 2867 urgebat3
439 2810 544 2868 capere
564 2789 627 2851 eius
643 2791 804 2850 amentiam
822 2790 924 2850 civitas
945 2789 1038 2862 ltalia,
1054 2808 1118 2866 pro

124 2885 240 2946 vinciae
260 2906 350 2963 regna
371 2906 432 2946 non
453 2897 609 2963 poterant;
631 2886 837 2947 incidebantur
853 2886 913 2946 iam
928 2887 1009 2946 domi
1028 2887 1115 2962 leges,

81 3017 108 3053 25
124 3002 203 3060 quae
225 3001 280 3042 nos
301 2983 391 3042 servis
412 2984 519 3043 nostris
540 2984 712 3044 addicerent
719 3004 729 3059 ;
757 2983 831 3043 nihil
851 2994 912 3043 erat
932 2983 1116 3060 cuiusquam,

107 3073 110 3076 ⁴
125 3081 209 3156 quod
223 3079 344 3155 quidem
359 3080 408 3140 ille
422 3082 599 3154 adamasset,
614 3083 696 3158 qnod
710 3101 772 3141 non
785 3083 843 3141 hoc
857 3100 937 3140 anno
956 3100 1041 3140 suum
1055 3081 1117 3140 fore

124 3187 252 3253 putaret.
295 3177 443 3239 Obstabat
470 3177 534 3238 eius
562 3179 789 3257 cogitationibus
811 3197 900 3238 nemo
925 3188 1041 3254 praeter
1063 3176 1119 3235 Mi·
1132 3177 1169 3235 88

123 3276 234 3334 lonem.
278 3275 367 3333 Illum
387 3274 496 3351 ipsum,
515 3275 568 3353 qui
588 3287 704 3352 poterat
724 3277 849 3347 obstare,
871 3294 950 3335 novo
970 3273 1064 3333 reditu
1085 3272 1117 3332 in

124 3369 249 3447 gratiam
266 3369 350 3445 quasi
371 3371 542 3431 devinctum
562 3372 775 3444 arbitrabatur,
796 3369 930 3432 Caesaris
950 3370 1115 3447 potentiam

81 3499 110 3537 30
124 3485 208 3526 suam
222 3485 288 3526 esse
302 3465 435 3540 dicebat;
456 3468 603 3529 bonorum
616 3468 733 3527 animos
751 3468 783 3527 in
797 3487 866 3528 meo
879 3486 956 3526 casu
965 3477 1128 3534 conseruo·
