2430 3772
492 191 732 252 APPENDIX
758 189 797 250 A.
1091 209 1144 264 141

148 325 227 374 Erant
238 339 295 372 cum
307 320 398 372 Clodio
410 328 537 386 praeterea
547 327 597 371 tres
606 320 709 370 comites
721 322 780 382 cius,
792 320 921 386 exquibus
932 336 1007 386 eques
1019 321 1149 372 Romanus

147 405 219 450 unus,
234 389 264 438 C.
279 387 411 438 Causinius
428 387 528 447 Schola,
542 387 593 435 duo
607 387 639 435 de
654 385 728 450 plebe
742 387 796 435 noti
811 386 932 447 homines,
951 387 978 436 P.
996 387 1149 451 Pomponius

148 462 173 503 et
185 455 214 504 C.
229 453 341 503 Clodius.
378 451 443 500 Milo
453 452 529 500 raeda
540 451 675 500 vehebatur
685 467 742 500 cum
754 467 830 500 uxore
842 452 941 512 Fausta,
957 452 1008 500 filia
1019 452 1048 500 L.
1064 451 1149 501 Sullae

148 519 284 579 dictatoris,
309 525 334 566 et
357 517 394 566 M.
420 516 529 576 Saufeio,
553 516 674 565 familiare
695 532 748 566 suo.
789 517 945 580 Sequebatur
966 531 1009 565 eos
1030 531 1148 579 magnum

149 598 276 633 servorum
294 597 392 645 agmen,
411 581 477 630 inter
492 596 555 645 quos
570 581 721 645 gladiatores
737 596 836 646 quoque
851 588 929 640 erant,
946 597 977 629 ex
993 581 1083 645 quibus
1097 581 1148 629 duo

148 649 210 708 noti,
224 648 352 696 Eudamus
363 654 388 695 et
400 646 487 694 Birria.
519 646 542 694 Ii
553 646 580 694 in
590 646 680 695 ultimo
691 648 790 710 agmine
801 646 894 695 tardius
906 653 993 694 euntes
1004 662 1059 694 cum
1071 646 1148 694 servis

150 714 178 762 P.
201 712 275 762 Clodi
297 712 376 760 rixam
395 711 579 760 commiserunt.
613 711 656 760 Ad
675 727 750 776 quem
772 710 905 760 tumultum
928 726 984 759 cum
1003 711 1168 774 respexisset

150 777 254 827 Clodius
269 776 463 836 minitabundus,
477 791 590 824 umerum
603 776 656 824 eius
671 776 751 824 Birria
765 776 863 840 rumpia
876 775 979 824 traiecit.
1016 775 1080 823 Inde
1091 790 1149 824 cum

149 850 204 891 orta
219 849 283 890 esset
294 857 387 905 pugna,
400 840 484 905 plures
500 841 631 889 Miloniani
646 849 811 890 accurrerunt.
848 840 952 890 Clodius
966 840 1108 889 vulneratus
1123 841 1149 888 in

149 908 280 956 tabernam
291 906 430 969 proximam
442 905 468 954 in
483 905 615 954 Bovillano
627 905 724 954 delatus
739 913 783 955 est.
820 904 883 954 Milo
895 912 922 954 ut
936 905 1052 969 cognovit
1063 904 1148 954 vulne·

150 980 232 1020 ratum
255 970 380 1030 Clodium,
401 986 457 1019 cum
479 970 528 1019 sibi
549 971 710 1034 periculosius
731 970 794 1018 illud
815 970 890 1019 etiam
912 970 970 1018 vivo
992 985 1022 1019 eo
1040 970 1149 1019 futurum

150 1036 313 1099 intellegeret,
333 1035 416 1084 occiso
438 1042 521 1084 autem
540 1050 657 1099 magnum
676 1035 795 1084 solacium
818 1043 881 1084 esset
903 1034 1031 1084 habiturus
1052 1034 1150 1083 etiamsi

151 1101 280 1150 subeunda
301 1107 366 1149 esset
388 1115 476 1164 poena,
502 1100 627 1148 exturbari
648 1101 752 1149 taberna
773 1099 851 1149 iussit.
896 1100 954 1149 Fuit
975 1099 1150 1162 antesignanus

151 1181 279 1215 servorum
300 1164 353 1213 eius
375 1165 412 1214 M.
433 1164 554 1215 Saufeius.
588 1165 673 1229 Atque
694 1165 730 1213 ita
750 1164 853 1214 Clodius
874 1164 953 1213 latens
973 1171 1094 1213 extractus
1113 1171 1151 1213 est

151 1230 286 1294 multisque
304 1229 448 1279 vulneribus
467 1228 599 1279 consectus.
636 1229 749 1278 Cadaver
771 1230 823 1278 eius
842 1231 868 1277 in
886 1230 928 1278 via
949 1229 1070 1288 relictum,
1090 1229 1150 1292 quia

152 1297 216 1345 servi
228 1295 302 1345 Clodi
313 1302 356 1343 aut
367 1295 442 1344 occisi
453 1302 523 1343 erant
533 1302 576 1343 aut
586 1294 694 1357 graviter
703 1295 788 1354 saucii,
802 1301 845 1342 aut
855 1294 974 1355 latebant,
989 1295 1046 1344 Sex.
1057 1294 1150 1343 Tedius

152 1369 259 1421 senator,
291 1361 316 1408 ui
331 1359 394 1408 forte
409 1375 440 1408 ex
455 1375 510 1408 rure
525 1360 551 1407 in
566 1360 653 1408 urbem
669 1361 844 1418 revertebatur,
856 1358 953 1409 sustulit
967 1366 993 1409 et
1007 1359 1095 1409 lectica
1105 1374 1151 1408 sua

153 1427 262 1474 Romam
273 1376 334 1474 ierri
349 1424 432 1486 iussit3
449 1424 502 1488 ipse
516 1439 599 1473 rursus
613 1424 709 1485 eodem,
722 1425 789 1473 unde
804 1432 856 1473 erat
871 1440 989 1488 egressus,
1006 1440 1033 1474 se
1047 1423 1147 1487 recepit.

154 1490 281 1539 Perlatum
292 1497 329 1538 est
341 1504 430 1553 corpus
442 1489 516 1538 Clodi
528 1496 585 1538 ante
596 1489 702 1553 primam
712 1490 793 1539 noctis
803 1489 899 1546 horam,
911 1489 1060 1554 intimaeque
1070 1489 1151 1553 plebis

153 1562 179 1604 et
198 1570 324 1604 servorum
346 1555 455 1603 maxima
473 1554 608 1603 multitudo
629 1569 722 1618 magno
740 1555 807 1604 luctu
826 1569 916 1618 corpus
934 1554 961 1602 in
980 1555 1043 1603 atrio
1061 1554 1151 1602 domus

153 1620 262 1684 positum
274 1619 441 1668 circumstetit.
469 1619 586 1682 Augebat
596 1627 679 1668 autem
690 1618 749 1668 lacti
760 1619 879 1668 invidiam
891 1634 953 1667 uxor
964 1619 1039 1669 Clodi
1051 1617 1148 1678 Fulvia,

153 1701 218 1748 qnae
233 1700 289 1733 cum
305 1685 382 1733 effusa
396 1684 573 1733 lamentatione
583 1684 687 1733 vulnera
701 1684 754 1733 eius
768 1684 923 1732 ostendebat.
960 1684 1043 1732 Maior
1052 1691 1151 1747 postera

154 1750 195 1798 die
209 1749 265 1798 luce
280 1749 361 1812 prima
376 1749 510 1798 multitudo
525 1749 635 1814 eiusdem
649 1749 746 1812 generis
761 1748 880 1798 confluxit
894 1748 1083 1813 compluresque
1097 1748 1151 1797 noti

154 1814 268 1863 homines
279 1814 333 1862 elisi
345 1821 409 1874 sunt,
423 1814 487 1863 inter
497 1828 560 1877 quos
571 1814 601 1863 C.
615 1814 736 1862 Vibienus
750 1821 856 1862 senator.
890 1813 951 1862 Erat
965 1813 1054 1862 domus
1065 1813 1147 1873 Clodi,

154 1887 212 1927 ante
226 1893 320 1942 paucos
333 1894 431 1928 menses
445 1886 529 1942 empta
543 1879 575 1927 de
591 1879 628 1927 M.
641 1879 743 1935 Scauro,
754 1879 781 1927 in
796 1877 900 1927 Palatio.
934 1878 1032 1927 Eodem
1047 1879 1078 1927 T.
1093 1879 1149 1927 Mu·
1163 1871 1200 1931 34

154 1943 237 1992 natius
248 1943 362 2004 Plancus,
375 1943 451 1992 frater
462 1944 491 1993 L.
507 1943 593 1992 Planci
607 1943 719 2004 oratoris,
733 1943 802 2007 etQ.
815 1943 949 2008 Pompeius
964 1943 1051 2005 Rufus,
1066 1943 1151 1993 Sullae

155 2007 282 2056 dictatoris
304 2023 334 2057 ex
357 2008 409 2057 filia
429 2023 516 2072 nepos,
540 2009 634 2058 tribuni
655 2008 689 2074 pl.
711 2016 875 2068 accurrerunt,
897 2008 977 2074 iisque
995 2008 1152 2058 hortantibus

155 2073 243 2136 vulgus
254 2072 395 2137 imperitum
407 2088 496 2137 corpus
507 2073 602 2122 nudum
611 2089 640 2124 ac
651 2074 765 2134 lutatam,
780 2074 842 2124 sicut
853 2074 880 2122 in
890 2073 956 2123 lecto
966 2080 1018 2123 erat
1032 2075 1149 2139 positum,

155 2145 183 2187 ut
193 2137 296 2186 vulnera
307 2138 387 2186 videri
398 2145 506 2202 possent,
520 2137 547 2186 in
560 2138 641 2188 sorum
652 2139 741 2188 detulit
754 2147 780 2188 et
791 2139 817 2188 in
832 2139 916 2188 rostris
965 2139 1021 2188 suit.
1054 2139 1096 2187 Ibi
1105 2154 1152 2204 pro

155 2202 272 2251 contion'e
289 2202 395 2251 Plancus
411 2209 437 2252 et
453 2202 594 2267 Pompeius,
611 2204 654 2268 qui
670 2204 874 2268 competitoribus
890 2204 927 2252 Μ’
939 2205 994 2254 onis
1009 2204 1150 2264 studebant,

155 2267 275 2315 invidiam
287 2266 377 2316 Miloni
387 2267 505 2317 fecerunt.
530 2268 596 2316 Tum
606 2268 714 2332 populus
725 2269 788 2318 duce
800 2270 856 2319 Sex.
871 2267 962 2318 Clodio
973 2269 1053 2318 scriba
1064 2284 1153 2333 corpus

156 2332 186 2382 P.
196 2331 271 2381 Clodi
282 2331 308 2380 in
319 2332 411 2381 curiam
420 2332 502 2382 intulit
512 2333 677 2397 cremavitque
689 2333 811 2382 subselliis
819 2340 844 2382 et
855 2333 1018 2382 tribunalibus
1029 2341 1054 2382 et
1062 2333 1153 2383 mensis

156 2403 181 2445 et
192 2396 319 2446 codicibus
328 2396 492 2459 librariorum,
503 2413 554 2462 quo
565 2397 622 2461 igne
633 2404 658 2446 et
670 2398 724 2461 ipsa
734 2413 834 2462 quoque
848 2398 916 2446 cuna
923 2398 1043 2462 flagravit,
1057 2405 1082 2448 et
1093 2398 1153 2447 item

157 2461 244 2510 Porcia
266 2461 376 2522 basilica,
401 2477 465 2526 quae
487 2470 540 2511 erat
561 2463 585 2511 ei
606 2463 699 2520 iuncta,
720 2463 835 2511 ambusta
856 2469 900 2511 est.
936 2463 1034 2512 Domus
1055 2478 1154 2528 quoque

157 2527 194 2575 M.
209 2526 301 2590 Lepidi
316 2525 499 2590 interregis-is
515 2527 581 2576 enim
598 2528 755 2591 magistratus
771 2527 861 2576 curulis
876 2533 928 2576 erat
943 2534 1096 2577 creatus-et
1110 2527 1153 2575 ab·

156 2591 233 2639 sentis
254 2591 358 2639 Milonis
380 2592 468 2640 eadem
489 2591 533 2641 illa
555 2592 678 2642 Clodiana
696 2592 831 2641 multitudo
849 2592 1010 2656 oppugnavit,
1032 2593 1076 2642 sed
1095 2591 1155 2640 inde

156 2655 253 2720 sagittis
271 2656 370 2720 repulsa
387 2664 431 2705 est.
467 2657 532 2706 Tum
552 2657 630 2706 fasces
648 2673 679 2706 ex
698 2658 755 2706 luco
775 2657 900 2707 Libitinae
919 2664 1003 2722 raptos
1021 2657 1104 2706 attulit
1121 2656 1155 2705 ad

156 2720 261 2769 domum
277 2720 401 2784 Scipionis
412 2728 437 2770 et
452 2721 574 2785 Hypsaei,
585 2722 676 2771 deinde
691 2723 724 2771 ad
738 2722 824 2772 hortos
838 2722 885 2772 Cn.
900 2722 1012 2787 Pompei,
1026 2721 1155 2772 clamitans

157 2800 214 2834 eum
226 2785 303 2833 modo
313 2786 448 2846 consulem,
462 2787 537 2835 modo
548 2787 703 2836 dictatorem.

207 2849 355 2899 Incendium
373 2851 455 2900 curiae
474 2851 594 2900 maiorem
611 2853 739 2917 aliquanto
758 2851 955 2916 indignationem
973 2852 1080 2902 civitatis
1102 2868 1154 2902 mo·

156 2921 226 2963 verat
237 2930 312 2978 quam
329 2915 469 2964 interfectio
485 2916 568 2966 Clodi.
605 2918 694 2982 Itaque
712 2918 783 2979 Milo,
797 2934 872 2982 quem
888 2917 973 2982 opinio
987 2917 1067 2967 suerat
1082 2918 1155 2968 ivisse

157 2978 184 3027 in
193 2978 362 3028 voluntarium
375 2980 497 3041 exsilium,
510 2981 605 3031 invidia
619 2983 812 3032 adversariorum
828 2991 950 3032 recreatus
965 2991 1037 3032 nocte
1052 2999 1082 3032 ea
1092 2983 1156 3033 redi-

157 3051 210 3092 erat
232 3044 350 3103 Romam,
369 3060 422 3109 ·qua
442 3045 543 3094 incensa
567 3052 620 3095 erat
645 3048 721 3097 curia.
766 3048 920 3111 Petebatque
943 3047 1005 3096 nihil
1026 3048 1157 3098 deterritus

157 3107 332 3169 consulatum
360 3116 445 3173 aperte
466 3126 566 3174 quoqne
587 3112 699 3160 tributim
721 3112 818 3174 singula
839 3112 908 3160 milia
929 3113 1020 3160 assium
1045 3114 1157 3162 dederat.

157 3172 310 3222 Contionem
321 3174 345 3222 ei
355 3182 412 3238 post
423 3175 520 3239 aliquos
534 3175 588 3224 dies
599 3176 668 3225 dedit
680 3177 717 3225 M.
730 3177 830 3227 Caelius
844 3177 957 3225 tribunus
970 3178 1006 3252 pl.
1019 3185 1093 3242 atque
1104 3178 1158 3242 ipsc

158 3237 234 3286 etiam
246 3252 345 3287 causam
357 3239 409 3288 eius
420 3240 471 3303 egit
482 3239 514 3288 ad
525 3239 655 3304 populum.
689 3241 814 3292 Dicebant
825 3248 928 3306 uterque
940 3241 1056 3292 Mrlonia
1068 3241 1158 3293 Clodio

156 3301 236 3352 lactas
247 3317 300 3351 esse
311 3302 419 3353 insidias.

207 3367 314 3416 Fiebant
340 3368 434 3417 interea
454 3368 497 3417 alii
523 3383 553 3418 ex
575 3369 629 3419 aliis
654 3369 795 3436 interreges,
818 3371 877 3436 quia
897 3369 998 3420 comitia
1020 3370 1158 3421 consularia
1169 3371 1206 3430 35

156 3437 261 3496 propter
272 3431 372 3481 eosdem
384 3433 571 3483 candidatorum
583 3435 702 3485 tumultus
713 3442 738 3485 et
749 3437 848 3486 easdem
856 3451 944 3484 manus
955 3445 1064 3485 armatas
1072 3436 1168 3482 babet&

159 3509 212 3544 non
223 3503 347 3560 poterant.
380 3497 470 3562 Itaque
480 3498 561 3562 primo
572 3498 666 3550 lactum
676 3509 732 3552 erat
744 3512 850 3552 senatus
860 3497 1191 3552 consummamus-m
