2430 3772
134 193 173 244 40
384 184 393 221 .'
499 171 746 233 CICERONIS
804 169 806 173 ’
984 170 1074 253 [ΧΝ
1089 193 1128 249 37

133 303 174 359 ita
196 310 240 359 est
262 301 408 361 mulcatus
429 314 463 360 ut
480 301 571 360 vitam
594 300 731 361 amiserit.
776 304 883 379 Itaque
904 305 1026 380 quando
1049 305 1129 365 illius

132 407 237 472 postea
258 395 320 455 sica
347 396 405 469 illa,
430 417 519 474 quam
547 418 566 458 a
594 397 724 458 Catilina
746 411 909 476 acceperat,
938 401 1131 478 conquievit?

134 493 221 551 Haec
242 491 389 551 intentata
406 495 492 555 nobis
510 507 563 569 est,
579 495 648 554 huic
666 515 724 590 ego
744 515 798 555 vos
821 494 900 557 obici
921 518 976 575 pro
997 519 1129 559 menon

133 593 197 648 sum
211 609 324 665 passus,
334 593 409 651 haec
421 587 561 652 insidiata
575 583 721 669 Pompeio
736 604 788 665 est,
801 586 898 654 haec
890 606 976 655 rstam
988 596 1127 673 Appiam,

132 699 359 746 monumentum
368 709 413 747 sur
422 708 550 749 uomrnn
552 688 746 766 necePaprn
754 690 928 761 cruentavit
939 693 1012 752 haec
1021 694 1129 754 eadem
1145 725 1158 763 ς

132 785 227 859 longo
237 783 392 852 intervallo
406 804 548 845 conversa
567 804 666 846 rursus
686 784 778 846 estin
798 805 865 845 me·
857 806 982 877 ,nuper
995 789 1126 865 quidem,

134 890 166 938 ut
176 879 270 953 scitis,
286 900 334 953 me
348 882 388 940 ad
401 882 512 960 regiam
527 901 625 958 paene
639 883 776 942 confecit.

133 1104 165 1177 ἐξ
182 1104 294 1164 ao-la
333 1103 429 1161 There
445 1119 525 1162 were
544 1114 639 1171 marry
657 1106 808 1172 momento
827 1103 917 1161 when
935 1103 1012 1162 Milo
1030 1104 1131 1172 might

199 1190 280 1248 have
291 1189 388 1247 killed
400 1189 523 1247 dlodius
534 1189 597 1246 lrad
611 1188 651 1246 he
663 1188 797 1258 wishod;
813 1191 965 1246 moments
981 1189 1071 1248 when
1086 1189 1132 1246 all

201 1275 303 1333 would
314 1275 394 1333 have
405 1275 577 1343 applauded
593 1275 648 1331 tho
663 1276 723 1330 act.
762 1273 810 1332 He
821 1273 925 1331 would
940 1288 1036 1332 novor
1050 1274 1132 1332 have

164 1371 166 1374 ’
200 1361 323 1428 plottod
338 1364 372 1416 to
388 1360 428 1417 do
443 1360 498 1416 tho
514 1360 590 1416 daed
607 1362 643 1416 at
659 1374 679 1415 a
694 1359 771 1416 timo
783 1360 873 1416 when
889 1360 918 1416 ir
931 1373 996 1417 was
1011 1373 1082 1418 suro
1096 1362 1133 1418 to

142 1502 144 1506 ,
200 1447 326 1514 damage
343 1446 414 1505 him

81 1563 118 1620 38
143 1613 146 1617 .
193 1559 274 1636 Quid
289 1560 384 1621 simile
399 1561 539 1620 Milonis?
567 1560 661 1622 Cuius
674 1560 718 1620 vis
733 1559 831 1622 omnis
845 1562 920 1622 haec
934 1581 1051 1639 semper
1064 1560 1128 1635 fuit,

135 1678 172 1718 ne
182 1661 215 1718 P.
228 1658 361 1732 Clodius,
371 1671 441 1719 cum
448 1659 480 1719 in
494 1658 636 1720 iudicium
649 1658 764 1720 detrahi
774 1678 835 1718 non
844 1670 955 1736 posset,
967 1658 996 1717 vi
1010 1678 1131 1736 oppres-

135 1777 197 1817 sam
209 1757 358 1818 civitatem
371 1770 491 1818 teneret.
522 1760 621 1835 Quem
631 1759 654 1816 si
664 1757 828 1817 interficere
840 1756 990 1830 voluisset,
1001 1769 1132 1834 quantae
1149 1792 1175 1818 ιο

136 1855 273 1932 quotiens
295 1856 478 1931 occasiones,
500 1876 590 1933 quarn
619 1856 786 1932 praeclarae
808 1855 944 1915 suerunt!
980 1854 1131 1927 Potuitne,

136 1972 203 2011 cum
223 1954 348 2012 domum
366 1973 403 2012 ac
424 1954 496 2013 deos
517 1952 633 2029 penatis
654 1972 724 2012 suos
745 1951 796 2011 illo
818 1963 1011 2029 oppugnante
1031 1953 1131 2014 defen-

136 2051 226 2122 deret,
243 2051 305 2109 iure
322 2069 358 2111 ·se
380 2050 499 2109 ulcisci?
534 2050 674 2110 Potuitne
695 2049 752 2108 civi
773 2049 891 2127 egregio
912 2060 943 2108 et
959 2049 1022 2109 viro
1036 2051 1131 2111 sortis·

136 2146 220 2218 simo,
231 2148 264 2205 P.
277 2145 380 2217 Sesti0,
391 2148 505 2223 collega
514 2166 578 2217 suo,
588 2148 760 2206 volnerat0?
781 2145 922 2205 Potuitne
934 2145 971 2219 Q.
985 2147 1009 2203 F
1009 2144 1130 2219 abrici0,

140 2244 201 2302 viro
216 2242 339 2320 optime,
356 2263 424 2303 cum
443 2244 481 2304 de
499 2243 596 2303 reditu
613 2263 681 2304 meo
696 2245 792 2319 legem
807 2245 904 2313 ferret,
919 2244 1016 2318 pulso,
1031 2245 1134 2304 crude-
1149 2276 1174 2314 15

137 2339 247 2419 lissima
266 2340 297 2401 in
311 2343 376 2400 foro
390 2342 482 2401 caede
498 2343 598 2402 sacta?
639 2340 780 2401 Potuitne
796 2343 828 2400 L.
843 2339 964 2413 Caecili,
980 2339 1132 2400 iustissimi

137 2435 347 2513 fortissimique
374 2437 527 2514 praetoris,
557 2449 728 2515 oppugnata
753 2439 869 2496 domo?
910 2435 1051 2496 Potuitne
1080 2435 1132 2498 illo

136 2533 194 2605 die,
210 2553 279 2592 cum
293 2545 338 2593 est
355 2535 414 2593 lata
433 2535 480 2594 lex
498 2533 537 2593 de
558 2554 614 2607 me,
629 2554 699 2593 cum
720 2533 810 2593 totius
832 2533 938 2592 Italiae
959 2551 1130 2609 concursus,

137 2650 227 2708 quem
242 2650 309 2690 mea
323 2632 401 2690 salus
415 2631 587 2705 concitarat,
603 2632 672 2691 facti
686 2631 764 2690 illius
781 2631 905 2708 gloriam
927 2631 1022 2692 libens
1043 2651 1133 2709 agno

138 2726 236 2798 visset,
262 2738 302 2800 ut,
327 2727 416 2787 etiarn
445 2729 468 2786 si
497 2727 528 2788 id
557 2729 633 2788 Milo
658 2728 783 2800 fecisset,
808 2739 916 2788 cuncta
940 2727 1043 2788 civitas
1066 2748 1134 2788 eam
1149 2763 1176 2791 ιο

86 2823 255 2884 391audem
277 2844 332 2902 pro
353 2845 407 2886 sua
426 2825 611 2887 vindicaret?
653 2828 719 2886 XV.
756 2830 795 2885 At
813 2828 896 2903 quod
915 2838 977 2886 erat
999 2835 1131 2904 tempusl

139 2919 326 2982 Clarissimus
345 2934 375 2982 et
394 2922 568 2982 fortissimus
589 2926 693 2982 consul
714 2922 851 2983 inimicus
871 2924 989 2997 Clodio,
1005 2925 1037 2982 P.
1055 2927 1133 2984 Len·

138 3020 226 3091 tulus,
250 3021 329 3078 ultor
355 3020 473 3080 sceleris
495 3019 581 3093 illius,
606 3032 810 3098 propugnator
837 3032 965 3096 senatus,
995 3022 1135 3085 defensor

138 3125 252 3174 vestrae
279 3117 448 3188 voluntatis,
478 3127 620 3192 patronus
648 3117 761 3194 publici
788 3136 960 3191 consensus,
983 3117 1134 3180 restitutor

139 3209 241 3270 salutis
262 3231 360 3286 meae,
389 3225 503 3289 septem
525 3225 683 3290 praetores,
707 3225 777 3273 octo
799 3214 908 3273 tribuni
932 3214 1029 3290 plebis
1056 3214 1135 3275 illius
1150 3246 1176 3285 2⁵

139 3308 305 3380 adversarii,
328 3311 498 3370 defensores
519 3310 596 3383 mei3
624 3312 680 3371 Cn.
706 3310 866 3387 Pompeius
889 3322 991 3369 auctor
1015 3322 1045 3370 et
1072 3312 1134 3371 dux

140 3404 199 3463 mei
214 3405 333 3477 reditus
351 3407 427 3465 illius
442 3409 545 3479 hostis,
561 3408 643 3467 cuius
657 3406 835 3467 sententiam
851 3419 969 3466 senatus
984 3405 1081 3466 omnis
1095 3409 1135 3467 de
