2430 3772
109 225 216 285 XXIV
230 223 282 304 64]
353 223 444 282 PRO
469 215 654 282 MILONE
683 217 858 309 ORATIO.
1061 235 1101 293 49

109 355 168 415 nisi
195 366 302 414 causae
330 372 401 413 suae
428 353 600 420 confideret,
628 348 799 426 praesertim
831 343 932 410 omnia
959 340 1100 418 audienti,

110 471 218 529 magna
245 448 398 518 metuenti,
426 449 521 508 multa
553 444 724 523 suspicanti,
752 465 813 506 non
846 447 927 505 nulla
958 445 1100 506 credenti.

112 552 226 626 Magna
245 548 289 608 vis
314 558 360 608 est
383 545 593 617 conscientiae,
615 543 737 614 iudices,
759 554 789 604 et
809 562 918 620 magna
940 543 971 603 in
995 538 1103 603 utram-

110 667 171 724 que
203 656 325 722 partem,
352 657 385 705 ut
417 664 515 721 neque
547 643 671 702 timeant
704 641 756 717 qui
790 638 864 700 nihil
891 639 1100 712 commiserint,

83 757 140 816 set
160 764 290 822 poenam
315 763 432 822 semper
458 754 528 803 ante
556 743 660 803 oculos
687 739 794 799 versari
822 750 928 817 putent
955 738 1006 816 qui
1033 758 1103 816 perf

111 842 213 902 carint.
260 843 367 917 Neque
399 859 470 900 vero
503 838 567 899 sine
598 838 713 898 ratione
746 847 826 898 certa
857 856 947 896 causa
981 835 1103 896 Milonis
1118 836 1155 896 62

110 959 229 1016 semper
243 960 261 999 a
275 952 380 999 senatu
394 940 522 1016 probata
540 948 604 1011 est3
622 936 766 996 videbant
786 933 994 1011 sapientissimi
1010 933 1104 994 homi·

110 1057 165 1098 nes
180 1039 249 1097 facti
268 1037 421 1109 rationem,
437 1035 634 1112 praesentiam
653 1033 752 1109 animi,
770 1032 951 1094 defensionis
967 1042 1104 1093 constan·

111 1137 193 1196 tiam.
235 1137 283 1194 An
297 1153 368 1194 vero
383 1133 467 1194 obliti
482 1132 560 1204 estis,
575 1133 697 1204 iudices,
712 1130 823 1193 recenti
837 1131 879 1190 illi
898 1130 1004 1191 nuntio
1020 1129 1103 1191 necis

70 1266 96 1295 ιο
111 1232 277 1293 Clodianae
294 1251 355 1291 non
374 1231 466 1290 modo
485 1229 671 1289 inimicorum
692 1229 817 1289 Milonis*
833 1248 984 1289 sermones
999 1240 1029 1289 et
1042 1227 1104 1304 opi·

111 1329 227 1402 mones,
250 1330 304 1389 sed
324 1348 386 1389 non
410 1330 556 1388 nullomm
579 1319 669 1388 etiam
693 1326 915 1404 imperitorum?
946 1328 1103 1406 Negabant

112 1447 183 1488 eum
198 1429 326 1487 Romam
341 1445 405 1486 esse
418 1416 587 1486 rediturum.
630 1427 698 1487 Sive
719 1427 799 1486 enim
820 1428 893 1487 illud
911 1427 1012 1486 animo
1031 1425 1105 1485 irato
1120 1424 1157 1484 03

111 1544 149 1585 ac
173 1524 290 1601 perdito
311 1524 436 1596 fecisset,
458 1534 491 1583 ut
511 1523 650 1585 incensus
671 1525 741 1585 odio
763 1525 920 1585 tmcidaret
940 1523 1102 1594 inimicum,

66 1632 68 1636 ‘
111 1622 327 1682 arbitrabantur
341 1641 410 1681 eum
429 1621 503 1680 tanti
522 1633 649 1681 mortem
665 1624 696 1682 P.
714 1621 803 1682 Clodi
820 1632 941 1698 putasse
954 1633 988 1681 ut
1005 1639 1103 1697 aequo

69 1754 95 1790 ις
110 1721 213 1780 animo
227 1720 322 1798 patria
336 1730 455 1791 careret,
470 1738 539 1778 cum
554 1718 696 1795 sanguine
714 1717 826 1778 inimici
841 1720 987 1794 explesset
1001 1716 1103 1778 odium

112 1837 218 1891 suum3
249 1817 310 1876 sive
332 1816 421 1876 etiam
443 1815 519 1876 illius
540 1828 635 1877 morte
656 1816 782 1893 patriam
807 1816 929 1877 liberare
953 1816 1102 1888 voluisset,

112 1936 173 1976 non
201 1914 402 1974 dubitaturum
431 1917 538 1975 fortem
566 1913 660 1974 virum
688 1912 768 1990 quin,
794 1932 861 1973 cum
889 1933 945 1974 suo
971 1913 1104 1991 periculo

113 2016 239 2074 salutem
262 2014 374 2090 populo
399 2015 540 2073 Romano
561 2011 714 2083 attulisset,
740 2011 859 2071 cederet
882 2030 978 2088 aequo
1003 2011 1104 2072 animo

113 2111 237 2189 legibus,
259 2130 360 2170 secum
384 2113 509 2171 auferret
497 2110 658 2188 tgloriam
681 2109 899 2186 sempiternam,
922 2108 1007 2169 vobis
1031 2111 1105 2169 haec

72 2244 97 2271 ω
111 2208 238 2268 fruenda
251 2207 437 2285 relinqueret,
453 2228 530 2293 quae
543 2207 609 2301 ipse
623 2217 775 2267 servasset
816 2205 906 2266 Multi
921 2207 1010 2268 etiam
1026 2205 1104 2268 Cati·

113 2306 205 2365 linam
224 2318 314 2382 atque
332 2307 383 2366 illa
401 2286 555 2387 pdrtediai
554 2292 769 2410 mouebantur:
790 2315 931 2382 erumpet,
947 2303 1105 2400 occupabit

113 2402 243 2511 aliquem
264 2404 372 2476 locum,
394 2404 505 2464 bellum
530 2400 643 2479 pai'triae'
653 2386 762 2463 faciet
806 2401 932 2461 Miseros
956 2402 1105 2462 interdum
1163 2446 1182 2455 ..
1209 2430 1212 2434 ·

113 2499 186 2560 civis
200 2499 312 2577 optime
325 2502 364 2560 de
383 2520 414 2560 re
433 2498 552 2576 publica
570 2499 699 2572 meritos,
713 2499 745 2558 in
760 2500 868 2575 quibus
886 2497 1023 2560 homines
1043 2517 1106 2558 ιιοιι
1166 2505 1170 2514 ’
1199 2508 1203 2514 ’

113 2599 207 2658 modo
227 2617 273 2657 res
289 2596 537 2674 praeclarissimas
557 2596 780 2670 obliviscuntur,
795 2598 849 2656 sed
870 2596 959 2658 etiam
980 2595 1105 2656 nefarias

75 2727 97 2764 ²5
111 2694 312 2770 suspicantur!
354 2696 432 2771 Ergo
446 2693 497 2753 illa
510 2693 583 2765 falsa
597 2695 721 2765 fuerunt,
738 2711 816 2769 quae
836 2703 915 2753 certe
929 2711 999 2753 vera
1018 2691 1106 2752 exsti·
1122 2689 1160 2751 64

114 2793 228 2865 tissent,
243 2792 267 2852 si
283 2791 359 2852 Milo
373 2789 540 2853 admisisset
554 2790 668 2867 aliquid
682 2792 764 2868 quod
781 2809 843 2851 non
861 2802 963 2869 posset
981 2793 1106 2852 honeste

112 2909 241 2966 vereque
256 2891 422 2949 defendere.

173 2988 288 3048 XXIV.
333 2987 414 3062 Quid
428 3006 504 3064 quae
517 2998 622 3064 postea
637 2996 706 3045 sunt
724 2983 754 3044 in
777 3004 845 3045 eum
864 2997 1013 3064 congesta,
1029 3005 1107 3063 quae

113 3062 248 3162 qri'emvis'
262 3083 351 3145 etiam
366 3083 559 3144 mediocrium
574 3076 749 3144 delictorum
768 3081 953 3144 conscientia
969 3080 1108 3161 perculis

74 3213 98 3251 ao
111 3193 186 3254 sent,
202 3192 234 3241 ut
248 3179 394 3253 sustinuit,
410 3181 441 3240 di
455 3180 649 3241 immortales!
683 3179 847 3240 Sustinuit?
876 3183 975 3241 Immo
989 3199 1059 3241 vero
1073 3191 1108 3263 ut

112 3275 293 3353 contempsit
307 3295 343 3335 ac
356 3295 410 3351 pro
423 3275 517 3335 nihilo
531 3276 645 3352 putavit
660 3294 736 3351 quae
750 3295 848 3352 neque
862 3276 991 3335 maximo
1006 3270 1155 3335 animo

112 3389 227 3432 nocens
240 3390 338 3448 neque
351 3370 505 3443 innocens,
520 3373 577 3432 nist
569 3371 806 3433 fortissimus
778 3392 830 3444 vrr,
847 3362 1013 3450 negle‘gere
1022 3372 1107 3449 po't'u·¹

113 3468 193 3529 isset.
236 3468 391 3528 Scutorum
411 3467 576 3544 gladiorum
594 3469 726 3548 pilorum
737 3471 900 3531 frenorum
913 3469 1016 3526 etiam
1027 3460 1137 3518 mxxxix

152 3596 227 3638 nu.
627 3610 631 3615 -
749 3576 788 3593 '
1062 3585 1087 3634 ι.
