2430 3772
126 203 298 264 XXXVIII
317 197 387 282 105]
411 202 499 262 PRO
526 202 710 262 MILONE
740 199 920 263 ORATIO.⁴
1076 204 1114 278 65

127 338 221 396 Mene
235 354 297 394 non
316 334 448 412 potuisse
464 333 586 394 Milonis
606 335 730 394 salutem
751 333 825 394 tueri
846 353 900 410 per
918 334 1049 402 eosdem,
1064 354 1117 411 per

127 451 204 509 quos
215 443 344 491 nostram
359 431 408 490 ille
423 432 588 490 servasset?
622 433 662 489 At
673 429 703 488 in
715 450 774 507 qua
784 450 873 490 causa
887 450 949 490 non
963 431 1117 507 potuisse?

127 531 214 611 Quae
231 541 275 589 est
293 541 375 605 grata
391 528 529 605 gentibus
545 527 692 588 omnibus.
733 531 775 588 At
790 529 899 604 quibus
920 528 1116 588 iudicantibus

125 647 189 686 non
204 628 358 703 potuisse?
389 627 450 700 Eis,
465 626 515 701 qui
529 627 658 686 maxime
673 628 703 685 P.
722 625 811 687 Clodi
826 639 921 686 morte
934 627 1114 703 acquierunt.

99 727 196 801 5Quo
223 726 425 803 deprecante?
474 727 535 784 Me.
579 725 741 799 Quodnam
769 743 826 801 ego
852 723 977 801 concepi
1002 735 1118 784 tantum
1133 725 1190 784 103

126 824 222 882 scelus
236 833 287 882 aut
301 823 383 900 quod
396 819 428 880 in
446 839 495 880 me
516 832 631 880 tantum
645 819 759 880 facinus
779 818 894 900 admisi,
909 819 1030 893 iudices,
1046 840 1115 880 cum

125 919 177 979 illa
203 917 313 979 indicia
340 917 507 979 communIs
530 913 601 978 exiti
625 916 763 993 indagavi
786 915 913 994 patefeci
936 916 1044 994 protuli
1068 937 1116 976 ex-

125 1015 237 1077 stinxi?
277 1018 392 1078 Omnes
419 1015 451 1075 in
478 1034 527 1074 me
550 1033 695 1090 meosque
712 1014 882 1074 redundant
903 1033 937 1074 ex
958 1015 1040 1074 fonte
1063 1013 1117 1073 illo

126 1116 253 1175 dolores.
304 1113 386 1190 Quid
406 1133 455 1174 me
482 1114 622 1173 reducem
647 1110 893 1191 esservoluIstis?
940 1115 989 1170 An
1015 1122 1049 1171 ut
1074 1112 1117 1171 in-

85 1245 109 1272 10
124 1222 278 1288 spectante
298 1229 348 1270 me
368 1211 582 1287 expellerentur
603 1207 640 1281 ei,
659 1228 713 1286 per
730 1227 808 1285 quos
827 1188 922 1287 essem
943 1207 1115 1268 restitutus?

125 1308 238 1379 Nolite,
264 1310 388 1368 obsecro
415 1327 477 1379 vos,
503 1293 688 1368 acerbiorem¹
710 1306 785 1366 mihi
808 1305 1019 1394 patireditum
1042 1325 1115 1381 esse,

124 1425 217 1481 quam
230 1405 317 1465 fuerit
329 1404 378 1464 ille
391 1403 455 1481 ipse
469 1404 636 1478 discessus;
654 1424 727 1492 napi
739 1405 789 1480 qui
808 1423 931 1480 possum
948 1416 1051 1481 putare
1065 1425 1114 1464 me

124 1503 293 1562 restitutum
308 1521 382 1576 esse,
397 1501 422 1561 si
435 1501 580 1563 distrahar
592 1502 630 1562 ab
644 1502 696 1574 eis,
707 1521 760 1578 per
775 1521 850 1578 quos
864 1501 1014 1562 restitutus
1028 1505 1117 1562 sum?

125 1601 306 1659 XXXVIII.
349 1599 472 1660 Vtinam
502 1599 533 1660 di
560 1599 741 1659 immortales
769 1599 907 1660 fecissent
935 1596 1022 1677 (pace
1053 1609 1114 1673 tua,

84 1729 108 1768 ις
122 1696 226 1774 patria,
241 1697 383 1771 dixerim;
405 1711 507 1758 metuo
522 1696 602 1756 enim
616 1715 656 1756 ne
669 1698 810 1757 scelerate
823 1696 922 1756 dicam
935 1695 966 1754 in
980 1706 1017 1769 te,
1034 1698 1115 1774 quod

124 1814 180 1872 pro
195 1794 311 1855 Milone
322 1795 419 1854 dicam
434 1793 497 1870 pie)
508 1795 621 1853 utinam
632 1796 665 1853 P.
678 1792 802 1856 Clodius
816 1814 878 1853 non
893 1795 986 1854 modo
995 1793 1115 1867 viveret,

125 1892 180 1952 sed
201 1889 291 1950 etiarn
311 1903 429 1968 praetor
449 1892 553 1951 consul
577 1890 704 1951 dictator
726 1901 804 1952 esset
825 1890 924 1968 potius
946 1911 1035 1968 quam
1057 1893 1116 1952 hoc

125 1990 328 2065 spectaculum
347 1989 478 2048 viderem
491 1992 498 2048 l
540 1989 567 2049 Ο
583 1986 614 2047 di
627 1987 814 2062 immortales,
830 1990 937 2048 sortem
952 2000 981 2049 et
995 2009 1013 2048 a
1026 1988 1119 2063 vobis,
1136 1989 1192 2048 101

124 2086 248 2159 iudices,
277 2087 514 2146 conservandum
536 2085 649 2146 virum!
691 2085 827 2158 Minime,
849 2085 979 2159 minime,
1000 2085 1114 2164 inquit,

83 2217 109 2244 ιο
124 2183 218 2241 immo
236 2202 307 2242 vero
326 2201 439 2258 poenas
457 2183 506 2242 ille
523 2182 639 2242 debitas
653 2181 758 2257 luerit;
777 2202 835 2242 nos
847 2185 1014 2256 subeamus,
1029 2183 1054 2243 si
1074 2183 1116 2244 ita

124 2297 247 2338 necesse
265 2290 320 2351 est,
334 2298 396 2339 non
415 2278 539 2339 debitas
583 2277 693 2339 Hicine
707 2278 750 2338 vir
763 2279 876 2356 patriae
889 2291 975 2339 natus
989 2300 1115 2356 usquam

124 2374 182 2435 nisi
200 2373 231 2434 in
245 2377 341 2452 patria
357 2376 498 2437 morietur
518 2387 577 2448 aut,
594 2376 619 2436 si
632 2377 714 2448 sorte,
729 2396 784 2453 pro
801 2376 918 2454 patria?
948 2377 1047 2437 Huius
1061 2397 1115 2438 vos

124 2473 217 2534 animi
245 2485 441 2534 monumenta
468 2473 640 2544 retinebitis,
671 2475 806 2552 corporis
831 2475 862 2534 in
890 2474 977 2535 Italia
1003 2476 1117 2534 nullum

124 2569 295 2647 sepulcrum
314 2590 379 2631 esse
398 2571 572 2648 patiemini?
613 2575 708 2632 Hunc
728 2593 780 2632 sua
794 2573 949 2649 quisquam
970 2574 1116 2634 sententia

83 2700 108 2737 23
124 2688 162 2728 ex
176 2669 233 2726 hac
247 2669 322 2728 urbe
336 2670 473 2744 expellet,
488 2688 578 2745 quem
598 2689 704 2730 omnes
719 2672 805 2730 urbes
827 2673 982 2747 expulsum
1000 2690 1018 2730 a
1032 2669 1117 2730 vobis

123 2765 162 2825 ad
177 2783 210 2824 se
222 2767 396 2825 vocabunt?
436 2768 464 2828 O
479 2777 585 2826 terram
599 2767 681 2826 illam
695 2770 822 2838 beatam,
838 2787 914 2844 quae
928 2770 1008 2827 hunc
1020 2767 1115 2826 virum
1131 2767 1187 2825 105

123 2861 282 2940 exceperit,
297 2864 375 2923 hanc
395 2863 548 2941 ingratam,
564 2866 589 2925 si
609 2865 737 2937 eiecerit,
757 2867 904 2939 miseram,
921 2865 946 2926 si
966 2866 1113 2926 amiserit!

123 2963 184 3021 Sed
199 2960 265 3020 finis
281 2960 339 3038 sit;
360 2981 458 3038 neque
472 2963 551 3022 enim
569 2983 638 3040 prae
658 2962 783 3024 lacrimis
802 2963 861 3023 iam
882 2963 964 3040 loqui
984 2983 1114 3040 possum,

122 3069 153 3118 et
173 3057 223 3117 hic
241 3077 273 3118 se
292 3057 418 3116 lacrimis
438 3058 559 3119 defendi
573 3070 661 3119 vetat.
702 3062 766 3121 Vos
786 3079 839 3120 oro
858 3062 1058 3136 obtestorque,
1073 3061 1113 3119 iu·

81 3185 107 3226 30
122 3155 215 3223 dices,
231 3164 266 3214 ut
285 3154 317 3214 in
339 3154 493 3214 sententiis
512 3156 647 3229 ferendis,
663 3157 745 3233 quod
766 3156 907 3227 sentietis,
922 3157 954 3216 id
973 3157 1113 3217 audeatis

121 3254 261 3311 Vestram
277 3252 416 3312 virtutem
436 3253 578 3314 iustitiam
598 3255 697 3327 fidem,
713 3254 786 3313 mihi
806 3255 925 3326 credite,
940 3252 965 3313 is
986 3254 1114 3315 maxime

120 3348 269 3424 probabit,
286 3347 338 3425 qui
359 3347 390 3408 in
409 3348 555 3409 iudicibus
572 3350 705 3428 legendis
721 3349 868 3428 optimum
890 3362 920 3412 et
940 3348 1117 3427 sapientissi-

120 3463 204 3503 mum
218 3455 248 3503 et
261 3443 451 3505 fortissimum
465 3464 614 3523 quemque
627 3444 706 3523 legit.

187 3575 218 3619 R.
235 3575 269 3618 M·
1070 3570 1097 3621 S
