2430 3772
152 209 191 278 64
448 205 462 210 ”
526 203 773 264 CICERONIS
940 199 1088 285 [XXXVI
1105 217 1145 279 99

149 335 228 411 cepit
242 331 353 394 oblivio
367 343 418 392 aut
432 329 456 391 si
469 330 501 391 in
516 352 565 393 me
579 331 691 409 aliquid
706 329 878 404 offendistis,
890 351 942 391 cur
955 350 1018 390 non
1031 331 1063 390 id
1074 350 1145 392 meo

151 433 249 509 capite
263 429 363 507 potius
377 429 466 489 luitur
479 449 569 506 quam
585 428 729 490 Milonis?
771 430 924 489 Praeclare
937 427 1018 490 enim
1032 427 1143 501 vixero,

151 530 176 588 si
190 528 261 604 quid
280 525 353 586 mihi
371 525 521 598 acciderit,
537 525 709 603 priusquam
730 529 789 587 hoc
809 536 926 586 tantum
946 525 1017 585 mali
1031 525 1143 586 videro.

82 627 137 685 100
153 628 241 684 Nunc
268 641 317 682 me
343 642 404 682 una
431 622 596 682 consolatio
623 634 776 695 sustentat,
800 623 883 699 quod
911 621 973 695 tibi,
994 623 1030 682 T.
1052 622 1145 696 Anni,

153 724 265 781 nullum
280 741 298 781 a
311 740 359 781 me
372 720 489 792 amoris,
504 723 619 780 nullum
638 719 724 792 studi,
740 722 856 780 nullum
876 719 993 797 pietatis
1013 720 1146 780 officium
1161 750 1174 790 5

154 817 254 878 defuit.
298 819 363 894 Ego
390 815 558 877 inimicitias
586 817 756 893 potentium
783 836 838 894 pro
866 828 896 876 te
923 815 1063 893 appetivi,
1087 835 1146 894 ego

154 935 253 976 meum
268 933 356 991 saepe
371 931 478 990 corpus
497 925 527 974 et
540 912 631 973 vitam
649 913 745 974 obieci
765 912 852 973 armis
873 911 1060 973 inimicorum
1083 925 1147 974 tuo-

154 1031 226 1085 rum,
250 1030 305 1088 ego
326 1029 375 1069 me
396 1010 528 1087 plurimis
549 1029 603 1087 pro
624 1021 653 1071 te
674 1011 839 1087 supplicem
863 1008 967 1083 abieci,
989 1011 1071 1070 bona
1090 1011 1149 1070 sor·

154 1122 241 1170 tunas
255 1129 337 1169 meas
350 1129 386 1168 ac
399 1108 557 1168 liberorum
571 1128 705 1169 meorum
720 1109 750 1169 in
769 1107 1012 1169 communionem
1026 1119 1147 1168 tuorum

154 1219 320 1284 temporum
339 1206 472 1278 contuli3
497 1207 554 1266 hoc
574 1207 705 1281 denique
725 1206 791 1283 ipso
812 1207 870 1279 die,
893 1206 918 1265 si
939 1225 1015 1282 quae
1036 1207 1082 1266 vis
1103 1218 1149 1266 est
1165 1238 1190 1266 to

154 1315 263 1380 parata,
287 1302 312 1362 si
339 1322 416 1378 quae
442 1302 596 1363 dimicatio
619 1302 725 1379 capitis
747 1305 853 1378 futura,
877 1303 1019 1379 deposco.
1063 1303 1148 1377 Quid

155 1401 213 1458 iarn
240 1402 350 1459 restat?
392 1397 474 1474 Quid
501 1399 599 1459 habeo
626 1400 708 1474 quod
736 1399 842 1459 faciam
872 1418 926 1475 pro
953 1397 1010 1458 tuis
1037 1397 1070 1457 in
1098 1418 1148 1459 me

154 1496 272 1570 meritis,
288 1495 345 1556 nisi
365 1507 399 1557 ut
417 1515 484 1556 eam
498 1498 655 1568 fortunam,
671 1516 879 1575 quaecumque
893 1497 947 1557 erit
960 1507 1019 1570 tua,
1036 1497 1148 1557 ducam

151 1595 271 1653 meam?
312 1595 382 1654 Non
404 1596 511 1667 abnuo,
528 1613 589 1653 non
610 1613 723 1667 recuso,
739 1613 851 1670 vosque
873 1594 1004 1666 obsecro,
1020 1592 1145 1666 iudices,

152 1703 186 1752 ut
206 1703 302 1752 vestra
323 1692 476 1766 beneficia,
500 1712 577 1768 quae
604 1691 636 1751 in
663 1711 712 1752 me
739 1691 916 1766 contulistis,
937 1702 988 1751 aut
1008 1690 1040 1750 in
1060 1691 1188 1760 huius1⁵

155 1791 247 1849 salute
261 1789 392 1865 augeatis
406 1789 501 1850 autin
515 1789 649 1849 eiusdem
664 1788 755 1849 exitio
773 1808 915 1848 occasura
933 1807 997 1849 esse
1011 1789 1145 1849 videatis.

83 1887 137 1945 101
152 1889 314 1947 XXXVII.
358 1887 417 1947 His
437 1886 565 1946 lacrimis
585 1906 647 1946 non
668 1898 806 1946 movetur
827 1887 921 1960 Mi103
949 1897 994 1946 est
1014 1887 1149 1962 quodam

153 1981 318 2044 incredibili
338 1983 445 2043 robore
466 1981 576 2055 animi3
600 1981 733 2042 exsilium
754 1983 796 2043 ibi
817 2003 882 2043 esse
906 1995 999 2061 putat,
1020 1983 1072 2043 ubi
1094 1985 1151 2067 vir-¹

156 2080 211 2142 tuti
225 2100 286 2140 non
300 2080 337 2140 sit
351 2083 435 2140 locus
443 2101 452 2154 3
466 2091 592 2139 mortem
607 2091 729 2140 naturae
743 2081 832 2140 finem
845 2101 919 2152 esse,
931 2100 992 2140 non
1007 2101 1145 2158 poenam.

156 2180 215 2240 Sed
235 2178 283 2239 hic
304 2198 340 2238 ea
360 2191 461 2239 mente
481 2197 541 2254 qua
562 2191 648 2238 natus
669 2189 732 2254 est;
768 2179 840 2256 quid
860 2199 921 2251 vos
943 2178 1064 2253 iudices,
1087 2199 1150 2256 quo
1165 2212 1190 2239 ω

155 2279 276 2337 tandem
290 2276 390 2336 animo
404 2275 506 2336 eritis?
536 2275 713 2336 Memoriam
731 2276 853 2336 Milonis
867 2276 1040 2350 retinebitis,
1049 2276 1149 2354 ipsum

153 2374 284 2436 eicietis?
326 2377 365 2435 Et
385 2373 438 2435 erit
455 2371 572 2452 dignior
592 2375 675 2434 locus
692 2376 768 2433 ullus
786 2375 817 2433 in
837 2374 920 2436 terris
935 2375 987 2452 qui
1001 2377 1080 2435 hanc
1093 2375 1150 2436 vir·

156 2485 250 2534 tutem
260 2473 396 2551 excipiat,
411 2492 501 2549 quam
515 2471 565 2532 hic
578 2471 629 2547 qui
644 2472 829 2548 procreavit?
862 2476 934 2544 Vos,
950 2492 1003 2532 vos
1017 2474 1147 2549 appe110,

156 2667 239 2727 distis
249 2686 258 2739 3
277 2685 331 2725 vos
345 2666 376 2725 in
390 2664 443 2724 viri
456 2665 539 2725 fortis
553 2677 583 2726 et
601 2665 632 2726 in
652 2664 723 2727 civis
743 2666 845 2727 invicti
865 2666 998 2744 periculo
1018 2669 1148 2743 appell0,
1165 2698 1190 2737 ης

156 2763 352 2836 centuriones,
378 2782 497 2840 vosque,
520 2763 645 2838 milites;
673 2763 759 2823 vobis
780 2783 841 2823 non
866 2766 959 2824 modo
982 2763 1151 2840 inspectan-

156 2861 244 2933 tibus,
259 2862 313 2921 sed
328 2861 417 2922 etiam
432 2862 551 2922 armatis
566 2875 596 2923 et
610 2863 679 2922 huic
693 2862 803 2922 iudicio
822 2861 1059 2940 praesidentibus
1073 2864 1150 2923 haec

157 2967 240 3016 tanta
265 2957 356 3016 virtus
384 2977 420 3017 ex
441 2959 498 3018 hac
522 2961 594 3019 urbe
619 2961 781 3035 expelletur
805 2957 1046 3019 exterminabitur
1072 2957 1151 3034 proi-

84 3051 139 3109 102
154 3051 269 3112 cietur?
309 3053 401 3112 Ome
416 3051 843 3126 miserum,omeinfelicem1
886 3057 1039 3112 Revocare
1052 3061 1086 3111 tu
1099 3072 1150 3114 me

158 3149 189 3207 in
209 3150 342 3225 patriam,
366 3149 451 3220 Milo,
472 3150 595 3227 potuisti
615 3168 669 3226 per
688 3151 752 3222 hos,
775 3170 831 3226 ego
859 3161 889 3210 te
916 3149 947 3208 in
975 3149 1069 3225 patria
1096 3170 1153 3228 per
1166 3185 1194 3223 30

157 3247 278 3305 eosdem
306 3247 431 3306 retinere
458 3266 520 3306 non
547 3248 674 3324 potero?
718 3246 800 3321 Quid
827 3246 1016 3322 respondebo
1048 3245 1150 3308 liberis

158 3342 240 3414 meis,
255 3341 350 3418 quite
367 3353 520 3420 parentem
542 3343 666 3402 alterum
687 3344 814 3418 putant?
856 3342 936 3418 Quid
957 3340 1019 3413 tibi,
1036 3342 1151 3417 Quinte

156 3439 251 3510 frater,
265 3437 316 3514 qui
332 3458 412 3498 nunc
433 3439 512 3513 abes,
527 3437 658 3498 consorti
679 3457 797 3498 mecum
818 3449 987 3515 temporum
1008 3436 1150 3517 illorum?
