2430 3772
138 181 175 253 58
513 179 757 242 CICERONIS
973 179 1075 264 [XXX
1090 186 1128 260 83

135 311 186 388 qui
207 310 339 388 auspicia
363 324 392 372 et
416 311 472 390 ipsi
500 313 684 374 sanctissime
711 315 866 373 coluerunt
894 324 924 374 et
951 312 1040 374 nobis
1068 315 1128 375 suis

81 407 120 465 84
133 408 258 484 posteris
285 408 488 486 prodiderunt.
531 413 646 473 XXXI.
677 413 741 485 Est,
764 423 809 471 est
837 411 972 486 proiecto
1000 411 1051 471 illa
1074 413 1127 485 viS,

135 525 234 581 neque
254 505 283 565 in
306 505 351 565 his
370 507 544 583 corporibus
565 519 656 584 atque
674 508 705 567 in
726 509 783 567 hac
803 507 1007 569 imbecillitate
1028 521 1130 570 nostra

134 603 211 663 inest
234 603 377 678 quiddam
400 606 482 681 quod
507 605 604 682 vigeat
632 617 662 665 et
689 605 805 674 sentiat,
829 625 900 667 non.
915 607 992 665 inest
1014 605 1045 665 in
1069 608 1128 667 hoc

134 712 218 761 tanto
239 713 360 760 naturae
381 713 441 760 tam
464 703 614 778 praeclaro
635 714 736 775 motu;
758 702 813 761 nisi
835 704 910 762 forte
932 701 1043 763 idcirco
1065 724 1156 774 nous

134 810 247 875 putant,
263 799 333 876 quia
353 819 415 859 non
434 812 557 876 apparet
578 819 635 859 nec
655 800 792 872 cernitur,
808 800 935 876 proinde
956 800 1041 877 quasi
1062 821 1129 862 nos-

135 909 209 955 tram
230 896 326 973 ipsam
348 906 488 972 mentem,
514 916 574 973 qua
596 896 734 973 sapimus,
760 916 819 973 qua
842 898 1042 973 providemus,
1069 916 1130 974 qua

44 1012 48 1018 ·
135 993 210 1053 haec
229 993 293 1071 ipsa
313 992 427 1070 agimus
449 1013 484 1052 ac
506 992 640 1064 dicimus,
656 993 756 1053 videre
776 1005 828 1053 aut
849 995 945 1070 plane,
961 996 1057 1070 qualis
1077 1004 1130 1056 aut

135 1091 252 1162 ubisit,
275 1092 382 1152 sentire
403 1090 558 1168 possimus.
603 1091 648 1148 Ea
667 1091 712 1149 vis
736 1089 824 1166 igitur
846 1090 917 1167 ipsa,
941 1110 1019 1168 quae
1039 1111 1129 1170 saepe

135 1189 314 1249 incredibilis
341 1190 411 1248 huic
438 1188 504 1249 urbi
528 1187 682 1248 felicitates
706 1200 796 1265 atque
819 1208 894 1264 opes
917 1189 1023 1263 attulit,
1048 1188 1130 1249 illam
1146 1222 1171 1248 ιο

135 1286 295 1363 perniciem
311 1287 446 1347 exstinxit
461 1307 496 1346 ac
516 1286 641 1358 sustulit,
657 1285 705 1346 cui
719 1286 847 1363 primum
870 1297 1000 1346 mentem
1017 1285 1127 1358 iniecit,

134 1396 167 1444 ut
187 1383 216 1443 vi
237 1384 347 1444 irritare
361 1387 497 1461 ferroque
518 1385 661 1443 lacessere
679 1382 871 1443 fortissimum
892 1382 986 1442 virum
1005 1385 1129 1444 auderet

136 1482 360 1559 vincereturque
380 1483 418 1542 ab
440 1501 484 1556 eo,
500 1499 590 1557 quem
611 1479 636 1539 si
656 1479 783 1553 vicisset,
804 1481 956 1541 habitums
978 1493 1057 1542 esset
1077 1481 1129 1542 im-

82 1579 120 1637 85
133 1578 299 1656 punitatem
327 1590 357 1640 et
384 1578 535 1639 licentiam
563 1574 781 1653 sempiternam.
825 1580 897 1638 Non
923 1589 969 1638 est
996 1580 1129 1640 humano

134 1676 268 1748 consilio,
285 1697 323 1737 ne
338 1675 481 1736 mediocri
496 1674 628 1752 quidem,
643 1674 766 1749 iudices,
782 1676 906 1735 deorum
920 1675 1129 1735 immortalium
1146 1709 1169 1746 15

134 1794 205 1834 cura
219 1795 265 1835 res
279 1776 329 1834 illa
342 1777 487 1852 persecta3
501 1772 658 1851 religiones
673 1775 842 1834 mehercule
853 1773 944 1850 ipsae,
955 1793 1033 1851 quae
1047 1773 1128 1834 illam

134 1872 253 1932 beluam
278 1875 384 1934 cadere
404 1873 549 1946 viderunt,
566 1872 763 1932 commovisse
781 1891 812 1932 se
830 1871 968 1932 videntur
988 1883 1018 1932 et
1035 1870 1081 1932 ius
1097 1871 1128 1932 in

134 1969 186 2029 illo
207 1990 292 2029 suum
317 1970 481 2030 retinuisse.
524 1972 588 2031 Vos
609 1969 688 2029 enim
708 1969 776 2042 iam,
792 1969 901 2030 Albani
921 1970 1026 2030 tumuli
1039 1981 1129 2047 atque

134 2067 269 2141 luci,voS,
281 2068 413 2145 inquam,
425 2067 551 2144 imploro
561 2078 651 2143 atque
662 2067 803 2139 obtestor,
810 2087 931 2144 vosque,
943 2068 1128 2128 Albanorum

135 2167 258 2226 obrutae
278 2186 353 2239 arae,
370 2184 520 2224 sacrorum
540 2162 644 2240 populi
666 2164 799 2223 Romani
818 2164 917 2224 sociae
934 2176 963 2225 et
980 2168 1127 2242 aequales,
1144 2197 1170 2225 ω

135 2282 208 2339 quas
222 2263 271 2323 ille
285 2281 426 2340 praeceps
441 2260 571 2321 amentia
590 2259 684 2321 caesis
704 2262 916 2339 prostratisque
935 2262 1128 2323 sanctissimis

135 2358 208 2420 lucis
230 2358 482 2421 substructionum
504 2357 614 2418 insanis
634 2359 763 2419 molibus
786 2370 992 2436 oppresserat3
1013 2371 1128 2421 vestrae

135 2471 198 2517 turn
226 2460 295 2533 irae,
318 2469 432 2519 vestrae
456 2456 613 2534 religiones
640 2457 804 2533 viguerunt,
834 2471 930 2518 vestra
955 2458 997 2517 vis
1025 2460 1127 2532 valuit,

134 2576 224 2632 quam
238 2556 287 2616 ille
301 2554 383 2616 omni
397 2556 507 2614 scelere
518 2555 664 2631 polluerat
668 2575 677 2628 3
699 2566 791 2632 tuque
806 2577 841 2616 ex
856 2568 907 2617 tuo
922 2556 1004 2616 edito
1015 2569 1128 2631 monte,

135 2653 257 2714 Latiaris
278 2663 380 2712 sancte
402 2652 545 2729 Iuppiter,
567 2651 651 2712 cuius
671 2652 720 2714 ille
748 2656 837 2727 lacus,
860 2674 983 2714 nemora
1002 2654 1130 2734 finisque
1145 2688 1170 2726 ις

134 2770 223 2829 saepe
244 2751 325 2810 omni
343 2750 455 2825 nefario
475 2762 577 2825 stupro
597 2760 627 2809 et
647 2750 758 2809 scelere
778 2752 947 2823 macularat,
965 2751 1129 2829 aliquando

133 2851 261 2910 adeum
282 2847 485 2924 poeniendum
513 2849 618 2908 oculos
647 2847 785 2924 aperuisti
792 2871 800 2923 ;
829 2849 913 2909 vobis
938 2850 1013 2922 illae,
1040 2851 1128 2911 vobis

134 2958 230 3006 vestro
255 2948 285 3004 in
313 2957 477 3022 conspectu
505 2964 597 3016 serae,
619 2945 673 3004 sed
700 2945 794 3004 iustae
822 2955 922 3006 tamen
950 2958 980 3006 et
1007 2947 1129 3008 debitae

80 3045 118 3102 86
134 3062 249 3120 poenae
273 3045 387 3102 solutae
408 3052 485 3101 sunt.
530 3041 596 3100 Nisi
616 3042 692 3101 sorte
714 3041 773 3102 hoc
801 3041 890 3101 etiarn
918 3062 987 3102 casu
1015 3045 1128 3104 iactum

134 3160 199 3201 esse
217 3141 360 3212 dicemus,
375 3151 407 3198 ut
425 3149 495 3198 ante
514 3138 612 3215 ipsum
633 3136 791 3197 sacrarium
814 3139 915 3199 Bonae
936 3139 1028 3213 Deae,
1045 3143 1128 3217 quod
1145 3177 1171 3214 30

134 3238 229 3300 estin
250 3238 344 3296 fundo
371 3239 407 3296 T.
431 3236 512 3312 Sergi
540 3235 625 3310 Galli,
649 3234 681 3296 in
709 3234 810 3313 primis
832 3235 949 3296 honesti
976 3248 1006 3298 et
1030 3241 1128 3299 ornati

134 3334 339 3407 adulescentis,
374 3343 444 3394 ante
476 3331 581 3409 ipsam,
609 3331 739 3410 inquam,
769 3334 884 3392 Bonam
916 3334 1021 3406 Deam,
1055 3355 1127 3397 cum

128 3434 278 3506 proelium
302 3431 507 3505 commisisset,
526 3430 654 3509 primum
673 3430 747 3490 illud
764 3432 870 3491 volnus
889 3430 1043 3508 acciperet,
1064 3450 1127 3509 quo
