2430 3772
129 181 302 264 xx1x79]
373 184 465 244 pao
490 181 674 243 MILONE
704 179 879 241 ORATIO.
1085 194 1120 256 55

128 316 242 375 frenare
265 326 446 391 poteramus,
466 312 526 372 hoc
547 314 624 372 ferro
649 322 678 372 et
701 311 759 370 hac
781 313 900 370 dextera
922 329 940 369 a
961 309 1122 370 cervicibus

129 412 233 473 vestris
246 410 369 488 reppuli,
385 430 437 487 per
451 430 499 470 me
513 423 546 471 ut
560 429 653 470 unum
672 407 718 469 ius
737 408 880 486 aequitas,
895 410 976 486 leges
994 408 1121 483 libertas,

130 511 228 587 pudor
240 507 384 586 pudicitia
401 507 431 567 in
451 506 569 567 civitate
588 518 751 579 manerent,
767 517 845 566 esset
859 526 928 566 vero
947 505 1121 583 timendum,

130 626 261 684 quonam
283 607 375 665 modo
396 605 427 666 id
449 606 536 664 ferret
557 603 675 665 civitas!
711 608 801 665 Nunc
822 605 902 664 enim
920 605 986 682 quis
1007 603 1123 681 estqui

102 725 190 774 snon
205 706 320 782 probet,
336 703 389 778 qui
408 722 470 762 non
489 703 597 775 laudet,
614 703 666 780 qui
685 723 746 762 non
766 723 857 762 unum
879 714 948 779 post
968 703 1121 763 hominum

130 803 304 862 memoriam
328 803 364 861 T.
388 802 520 860 Annium
548 801 708 877 plurimum
735 802 777 861 rei
803 802 941 877 publicae
968 801 1121 877 profuisse,

129 899 258 960 maxima
278 899 389 959 laetitia
406 900 550 975 populum
573 901 753 970 Romanum,
771 908 909 957 cunctam
932 897 1058 970 Italiam,
1073 917 1122 957 na-

128 997 226 1058 tiones
241 995 336 1057 omnis
351 995 495 1056 adfecisse
509 1007 539 1055 et
553 994 633 1056 dicat
648 1006 677 1055 et
691 995 816 1055 sentiat?
851 997 921 1054 Non
933 1014 1011 1071 queo
1022 1007 1122 1055 vetera

129 1098 179 1156 illa
199 1096 302 1173 populi
324 1095 455 1154 Romani
472 1096 581 1172 gaudia
595 1104 707 1171 quanta
723 1092 830 1152 fuerint
850 1092 993 1166 iudicare3
1015 1093 1121 1152 multas

88 1229 113 1254 ιο
127 1206 228 1254 tamen
251 1195 309 1253 iarn
332 1213 517 1254 summorum
545 1191 755 1268 imperatorum
783 1190 957 1250 clarissimas
985 1189 1120 1251 victorias

127 1303 210 1352 aetas
224 1303 324 1352 nostra
336 1291 420 1363 vidit,
436 1310 560 1367 quarum
575 1291 656 1348 nulla
670 1307 769 1364 neque
783 1299 844 1348 tam
858 1287 1028 1347 diuturnam
1047 1298 1120 1346 attu-

128 1391 162 1449 lit
176 1388 318 1449 laetitiam
338 1408 394 1449 nec
415 1399 538 1449 tantam.
583 1388 727 1448 Mandate
741 1387 800 1446 hoc
814 1386 983 1458 memoriae,
999 1385 1121 1446 iudices.
1137 1386 1174 1444 78

127 1490 220 1564 Spero
234 1489 327 1546 multa
341 1507 394 1547 vos
408 1487 576 1563 liberosque
590 1496 702 1546 vestros
720 1484 750 1543 in
769 1505 801 1545 re
819 1485 939 1562 publica
956 1486 1036 1544 bona
1055 1503 1119 1544 esse

126 1585 241 1645 visuros
246 1608 254 1660 ;
264 1586 294 1643 in
303 1585 345 1645 eis
357 1585 480 1662 singulis
491 1584 533 1644 ita
543 1604 660 1661 semper
671 1581 882 1653 existimabitis,
892 1581 960 1642 vivo
971 1584 1002 1641 P.
1011 1581 1119 1642 Clodio

88 1716 111 1753 ις
126 1683 201 1743 nihil
215 1703 317 1743 eorum
331 1702 386 1743 vos
399 1683 512 1743 visuros
526 1684 623 1742 fuisse.
654 1685 691 1740 In
706 1701 790 1756 spem
805 1679 964 1739 maximam
978 1689 1017 1751 et,
1029 1697 1120 1755 quem

127 1782 306 1840 admodum
321 1782 451 1853 confid0‚
466 1779 646 1840 verissimam
663 1798 764 1838 sumus
778 1775 908 1848 adducti,
921 1776 1003 1837 hunc
1021 1777 1119 1853 ipsum

126 1897 249 1950 annum,
264 1877 322 1936 hoc
338 1876 403 1953 ipso
418 1896 534 1936 summo
548 1875 610 1937 viro
630 1877 762 1948 consule,
777 1894 947 1951 compressa
963 1875 1118 1934 hominum

126 1973 254 2045 licentia,
269 1974 481 2050 cupiditatibus
495 1973 602 2046 fractis,
621 1975 736 2052 legibus
756 1986 786 2034 et
805 1972 922 2032 iudiciis
943 1971 1117 2045 constitutis,

126 2075 284 2133 salutarem
304 2071 413 2132 civitati
428 2075 498 2134 sore.
543 2075 622 2132 Num
644 2072 710 2148 quis
731 2082 776 2132 est
797 2070 884 2148 igitur
903 2081 964 2131 tam
985 2071 1117 2141 demens,

83 2206 110 2233 ω
125 2170 176 2247 qui
187 2171 246 2230 hoc
257 2172 288 2228 P.
301 2169 411 2231 Clodio
420 2169 488 2229 vivo
498 2169 669 2246 contingere
680 2167 811 2246 potuisse
823 2165 995 2228 arbitretur?
1019 2167 1118 2243 Quid?

127 2271 181 2340 Ea,
203 2287 280 2344 quae
301 2266 408 2329 tenetis
428 2266 542 2344 privata
562 2278 652 2346 atque
673 2277 779 2338 vestra,
801 2265 974 2327 dominante
996 2264 1118 2325 homine

125 2365 237 2425 furioso
252 2366 333 2442 quod
347 2364 392 2424 ius
405 2374 566 2442 perpetuae
581 2364 776 2443 possessionis
791 2367 900 2426 habere
915 2363 1104 2442 potuissent?

185 2464 302 2523 XXIX.
345 2464 417 2522 Non
431 2461 532 2534 timeo,
546 2461 669 2535 iudices,
684 2482 723 2523 ue
738 2462 807 2522 odio
828 2482 958 2522 mearum
973 2460 1119 2522 inimiciti-

125 2581 208 2621 arum
230 2559 431 2619 inflammatus
451 2559 589 2620 libentius
610 2561 685 2619 haec
706 2558 737 2619 in
758 2559 840 2619 illurn
861 2578 997 2620 evomere
1017 2557 1120 2619 videar

78 2643 110 2728 '25
125 2677 216 2736 quam
230 2654 333 2716 verius.
379 2655 508 2728 Etenim,
524 2656 549 2731 si
568 2657 762 2734 praecipuum
779 2676 844 2718 esse
865 2658 1001 2730 debebat,
1017 2667 1118 2717 tamen

125 2755 167 2815 ita
180 2752 348 2814 communis
362 2765 424 2813 erat
438 2753 573 2813 omnium
588 2754 636 2813 ille
651 2753 753 2826 hostis,
770 2765 802 2814 ut
821 2753 852 2812 in
873 2752 1026 2814 communi
1046 2754 1117 2814 odio

125 2871 221 2930 paene
235 2849 396 2927 aequaliter
409 2862 574 2911 versaretur
587 2848 688 2910 odium
704 2870 812 2909 meum.
856 2853 928 2911 Non
946 2861 1044 2928 potest
1059 2849 1118 2911 dici

125 2947 203 3021 satis,
220 2967 259 3007 ne
273 2947 394 3024 cogitari
408 2947 537 3025 quidem,
554 2947 743 3025 quantumin
762 2948 813 3008 illo
833 2949 957 3024 sceleris,
973 2963 1118 3026 quantum

124 3044 196 3107 exiti
208 3043 302 3103 suerit.
345 3043 426 3120 Quin
441 3043 484 3104 sic
503 3044 657 3118 attendite,
677 3044 798 3104 iudices.
843 3047 962 3122 Nempe
980 3048 1054 3106 haec
1075 3059 1119 3107 est
1134 3047 1170 3105 ta

83 3178 110 3216 ,ο
124 3143 261 3221 quaestio
276 3143 314 3201 de
333 3140 452 3203 interitu
473 3145 507 3202 P.
523 3144 612 3204 Clodi
619 3166 628 3217 5
652 3141 753 3219 fingite
774 3142 880 3203 animis
896 3144 1016 3218 (liberae
1036 3143 1116 3203 enim

125 3251 194 3302 sunt
209 3251 326 3300 nostrae
339 3239 535 3318 ‘cogitationes
549 3252 579 3302 et
594 3260 672 3318 quae
685 3243 789 3301 volunt
803 3240 847 3300 sic
861 3241 1020 3313 intuentur,
1035 3252 1069 3301 ut
1082 3260 1118 3301 ea

125 3338 282 3412 cernimus,
295 3358 371 3415 quae
384 3338 541 3415 videmus),
552 3338 652 3416 fingite
665 3337 753 3414 igitur
766 3337 944 3413 cogitatione
958 3337 1117 3415 imaginem

125 3438 214 3498 huius
228 3436 412 3498 condicionis
429 3457 521 3511 meae,
538 3436 563 3498 si
580 3435 693 3514 possim
712 3436 828 3496 efficere
848 3447 881 3495 ut
901 3433 1048 3495 Milonem
1068 3439 1118 3497 ab·
