2430 3772
130 205 186 275 148
373 204 464 264 PRO
489 204 673 264 MILONE
703 203 878 264 ORATIO.

78 321 249 394 48deposuit,
262 338 288 381 et
304 347 361 381 cum
395 347 422 380 ro
480 337 517 380 ret
532 331 583 391 ille,
597 338 743 395 tempestate
754 332 850 381 delatus
864 340 902 381 est
913 331 1027 381 Antium.
1059 331 1124 381 Inde

128 402 155 444 ut
172 395 334 445 deduceretur
350 347 394 444 arf
397 411 431 455 se,
451 395 554 445 Clodius
569 396 626 445 Sex.
644 397 769 457 Clodium,
789 398 821 445 de
840 412 890 460 quo
909 412 984 459 supra
1004 394 1121 457 diximus,

127 459 201 507 misit.
237 459 356 521 Quicum
367 460 501 518 reduceret,
516 459 616 508 Flavius
632 475 731 524 quoque
746 476 772 509 re
789 461 888 524 cognita
901 461 933 508 ad
948 460 1122 524 deripiendum

127 522 261 586 Tigranem
278 522 402 587 profectus
419 529 464 573 est.
500 524 542 571 Ad
562 530 675 587 quartum
694 525 802 588 lapidem
822 526 855 572 ab
874 525 934 572 urbe
953 540 1038 588 pugna
1056 524 1123 573 sacta

127 595 172 645 est,
185 587 212 634 in
228 602 277 651 qua
293 588 364 636 multi
379 603 409 636 ex
422 596 525 650 utraque
541 594 613 651 parte
626 589 775 648 ceciderunt,
793 589 876 652 plures
892 596 976 637 tamen
991 605 1022 637 ex
1039 587 1121 649 Flavi,

127 651 191 699 inter
203 666 266 714 quos
279 659 304 700 et
319 652 356 700 M.
375 652 487 715 Papirius
499 667 575 714 eques
590 653 724 712 Romanus,
739 653 892 716 publicanus,
905 653 1033 702 familiaris
1048 654 1122 702 Pom-

127 715 193 780 peio.
226 715 327 764 Flavius
337 716 390 764 siue
401 717 491 765 comite
503 717 610 765 Romam
620 717 663 765 vix
674 717 788 781 perfugit.

178 780 260 828 Haec
276 779 378 828 eadem
394 780 483 842 longo
500 780 663 829 intervallo
680 796 825 830 conversa
840 795 938 829 rursus
954 786 1000 829 est
1016 778 1047 828 iu
1063 795 1122 831 me:

127 856 221 908 nuper
230 844 356 906 quidem,
370 850 400 892 ut
411 845 505 904 scitis,
520 860 564 894 me
574 844 610 893 ad
623 847 746 907 Regiam
757 860 849 908 paene
860 844 998 894 confecit.

178 909 235 969 Quo
252 908 293 957 die
306 908 442 972 periculum
454 908 503 957 hoc
518 908 614 969 adierit,
633 917 661 958 ut
678 909 781 958 Clodius
797 925 855 958 eum
871 910 903 958 ad
921 909 1027 972 Regiam
1044 922 1124 973 paene

129 971 269 1033 confecerit,
288 988 409 1036 nusquam
425 972 521 1032 inveni3
537 987 589 1021 non
601 980 685 1023 tamen
702 973 812 1022 adducor
829 979 857 1022 ut
873 980 959 1037 putem
977 974 1124 1022 Ciceronem

129 1037 266 1096 mentitum,
281 1037 423 1100 praesertim
436 1052 491 1085 curn
507 1037 597 1085 adiciat
612 1044 643 1086 ut
659 1038 753 1086 scitis.
790 1037 841 1087 Sed
860 1037 957 1086 videtur
973 1037 1034 1084 mihi
1053 1036 1123 1100 loqui

129 1100 161 1149 de
174 1116 204 1149 eo
220 1101 269 1160 die,
283 1116 333 1165 quo
345 1101 485 1150 consulibus
499 1101 612 1150 Domitio
627 1110 652 1151 et
667 1101 792 1160 Messalla,
807 1101 850 1165 qui
866 1107 1049 1164 praecesserant
1065 1116 1124 1150 eum

129 1179 230 1224 annum,
254 1180 311 1214 cum
332 1165 394 1214 haec
415 1167 494 1214 oratio
514 1166 581 1215 dicta
601 1173 646 1225 est,
671 1167 736 1214 inter
756 1166 943 1214 candidatorum
967 1166 1080 1229 Hypsaei
1098 1170 1124 1214 et

130 1229 233 1277 Milonis
243 1245 331 1278 manus
341 1230 368 1278 in
378 1231 419 1278 via
434 1231 509 1280 Sacra
523 1236 659 1293 pugnatum
671 1237 716 1289 est,
734 1231 853 1294 multique
866 1246 896 1278 ex
914 1229 1016 1278 Milonis
1032 1245 1063 1278 ex
1077 1229 1123 1278 im·

129 1294 230 1356 proviso
249 1294 396 1342 ceciderunt.
430 1295 470 1342 De
489 1295 558 1342 cuius
574 1294 623 1342 diei
639 1294 748 1358 periculo
765 1310 809 1343 suo
825 1302 853 1343 ut
869 1300 954 1359 putem
968 1293 1038 1358 loqui
1054 1308 1120 1353 eum,

129 1356 188 1405 facit
201 1363 227 1406 et
239 1356 308 1405 locus
320 1373 419 1421 pugnae
433 1356 499 1420 (narn
516 1357 542 1405 in
559 1357 634 1407 Sacra
649 1358 690 1406 via
706 1359 810 1407 traditur
825 1359 964 1417 commissa,
978 1358 1004 1406 in
1020 1373 1070 1421 qua
1086 1365 1124 1406 est

131 1421 228 1483 Regia),
242 1428 267 1470 et
282 1422 348 1486 quod
364 1421 467 1470 adsidue
482 1421 556 1470 simul
568 1428 638 1470 erant
652 1437 709 1471 cum
724 1423 863 1472 candidatis
877 1424 1057 1486 suffragatores,
1074 1422 1124 1470 Mi·

129 1485 193 1534 lonis
205 1486 300 1545 Cicero,
316 1486 428 1549 Hypsaei
439 1485 551 1534 Clodius

180 1549 202 1612 (ἓ
215 1549 263 1612 38.)
298 1550 439 1599 Potuitne
450 1551 479 1600 L.
497 1548 619 1610 Caecili,
633 1549 793 1600 iustissimi
806 1550 1029 1614 fortissimique
1042 1564 1123 1614 prae-

130 1615 214 1673 toris,
229 1615 403 1678 obpugnata
419 1615 524 1663 domo?

178 1679 208 1727 L.
223 1678 346 1727 Caecilius
358 1678 443 1738 Rufus,
457 1679 490 1727 de
500 1694 550 1743 quo
559 1677 655 1738 dicitur,
668 1677 715 1727 fuit
726 1684 824 1742 praetor
835 1679 864 1727 P.
877 1679 984 1728 lentulo
993 1677 1126 1743 Spinthere

130 1742 162 1806 Q.
186 1743 291 1792 Metello
312 1744 411 1806 Nepote
433 1758 504 1802 coss,
528 1758 578 1807 quo
599 1758 666 1791 anno
687 1743 776 1792 Cicero
794 1744 920 1792 restitutus
940 1750 986 1792 est.
1021 1744 1048 1792 ls
1068 1758 1125 1791 cum

129 1807 221 1856 faceret
232 1807 303 1856 ludos
317 1807 484 1871 Apollinares,
498 1807 534 1856 ita
547 1807 633 1855 infima
648 1815 735 1856 coacta
748 1807 881 1856 multitudo
896 1822 1010 1856 annonae
1023 1807 1126 1856 caritate

130 1872 280 1920 tumultuata
295 1878 339 1931 est,
359 1878 386 1920 ut
401 1887 495 1928 omnes,
512 1872 555 1936 qui
572 1871 710 1920 in'theatro
724 1872 851 1935 spectandi
865 1887 938 1920 cansa
954 1871 1123 1929 consederant,

80 1927 118 1986 49
132 1935 286 1999 pellerentur.
321 1936 361 1983 De
385 1942 528 1998 oppugnata
551 1936 627 1984 domo
654 1950 775 1999 nusquam
798 1935 880 1985 adhuc
901 1936 964 1999 legi;
993 1936 1126 1999 Pompeius

130 2008 281 2048 tamencum
292 1998 435 2048 defenderet
446 1998 566 2047 Milonem
578 1999 645 2062 apud
656 2001 785 2063 populum,
798 2001 830 2050 de
841 1999 866 2048 vi
879 2006 1010 2053 accusante
1024 1998 1124 2059 Clodio,

131 2063 231 2121 obiecit,
249 2071 277 2112 ut
293 2063 397 2126 legimus
411 2063 479 2126 apud
493 2064 612 2113 Tironem
628 2063 745 2113 libertum
758 2064 885 2114 Ciceronis
901 2065 928 2113 in
941 2064 1007 2113 libro
1022 2064 1083 2113 1111
1093 2063 1126 2112 de

131 2129 183 2177 vita
193 2128 252 2188 eius,
266 2143 411 2191 oppressum
422 2142 438 2175 a
449 2126 539 2176 Clodio
550 2128 581 2176 L.
591 2128 727 2177 Caecilium
738 2136 884 2193 praetorem.

181 2191 203 2254 (ξ
222 2190 274 2255 45.)
311 2193 351 2240 At
368 2207 425 2255 quo
442 2191 505 2240 die?
523 2207 588 2256 quo,
608 2199 640 2240 ut
659 2199 729 2242 ante
753 2193 824 2252 dixi,
849 2192 907 2241 fuit
929 2191 1127 2241 insanissima

131 2257 239 2318 contio,
251 2257 286 2304 ab
298 2256 395 2320 ipsius
405 2258 615 2306 mercennario
627 2256 749 2306 tribuno
761 2256 859 2320 plebis
870 2257 1031 2304 concitata.

181 2322 240 2370 Hoc
257 2321 378 2386 significat
397 2335 428 2369 eo
449 2320 490 2369 die
509 2336 559 2384 qno
579 2320 683 2370 Clodius
703 2321 798 2369 occisus
822 2327 859 2369 est
882 2321 1052 2369 contionatum
1072 2334 1126 2369 esse

131 2388 326 2435 mercennarium
347 2385 399 2434 eius
420 2385 546 2433 tribunum
563 2384 652 2448 plebis.
686 2385 750 2434 Sunt
766 2391 850 2433 autem
867 2385 1004 2433 contionati
1022 2399 1054 2434 eo
1074 2384 1124 2443 die,

131 2458 159 2499 ut
175 2465 206 2498 ex
221 2451 291 2499 Actis
307 2456 417 2513 apparet,
432 2449 462 2497 C.
480 2449 611 2498 Sallustius
628 2457 653 2498 et
670 2449 703 2511 Q.
717 2450 858 2512 Pompeius,
877 2450 975 2512 utrique
991 2454 1016 2497 et
1032 2448 1127 2496 inimici

133 2513 236 2563 Milonis
252 2522 276 2563 et
292 2515 351 2562 satis
365 2513 477 2576 inquieti.
511 2514 562 2563 Sed
575 2514 672 2562 videtur
687 2513 750 2562 mihi
765 2513 798 2577 Q.
814 2513 962 2576 Pompeium
975 2512 1127 2576 significare;

131 2594 189 2626 nam
201 2579 253 2627 eius
264 2577 403 2627 seditiosior
413 2577 459 2626 fuit
470 2578 562 2626 contio.

182 2642 204 2705 (ξ
225 2640 277 2706 46.)
312 2641 397 2690 Dixit
420 2642 450 2690 C.
473 2641 632 2691 Causinius
652 2640 763 2690 Schola
783 2641 1024 2700 Interamuanus,
1045 2639 1127 2688 farni-

132 2705 314 2755 liarissimus
334 2713 362 2755 et
384 2706 462 2754 idem
484 2720 582 2754 comes
605 2705 709 2765 Clodi,
727 2707 754 2754 P.
781 2705 921 2754 Clodium
947 2704 1004 2753 illo
1025 2704 1074 2753 die
1096 2705 1128 2753 in

132 2771 254 2819 Albano
270 2784 439 2818 mansurum
455 2769 556 2819 fuisse.

182 2835 233 2883 Hic
245 2833 291 2882 fuit
308 2834 444 2892 Causinius,
458 2833 525 2897 apud
539 2848 613 2898 quem
630 2832 733 2882 Clodius
748 2833 865 2881 mansisse
879 2832 1036 2882 Interamnae
1049 2831 1128 2880 videri

132 2897 231 2946 volebat
242 2913 291 2962 qua
302 2904 374 2945 nocte
384 2896 551 2960 deprehensus
563 2904 600 2946 est
611 2897 637 2945 in
650 2897 762 2946 Caesaris
775 2897 860 2957 domo,
874 2911 930 2945 cum
947 2896 983 2945 ibi
997 2896 1023 2944 in
1040 2903 1129 2960 operto

131 2962 238 3026 virgines
249 2976 295 3026 pro
306 2960 400 3025 populo
412 2962 528 3009 Romano
539 2977 607 3009 sacra
617 2960 733 3010 facerent.

183 3029 206 3086 (ᾖ
225 3028 276 3089 47.)
310 3025 409 3084 Scitis,
434 3025 559 3084 iudices
579 3024 680 3084 fuisse,
702 3024 799 3087 quiin
816 3024 870 3072 hac
889 3023 1049 3088 rogatione
1066 3038 1130 3072 sua·

133 3091 229 3139 denda
249 3090 363 3139 diceret
386 3089 509 3138 Milonis
526 3104 614 3137 mauu
635 3088 755 3137 caedem
777 3104 839 3137 esse
861 3088 980 3148 factam,
999 3088 1129 3137 consilio

133 3170 204 3203 vero
222 3155 344 3203 maioris
364 3153 499 3202 alicuius.
535 3152 583 3201 Me
605 3151 748 3200 videlicet
769 3151 918 3201 latronem
940 3159 969 3201 et
985 3152 1129 3200 sicarium

134 3219 245 3267 abiecti
262 3218 399 3267 homines
415 3224 445 3266 et
461 3216 573 3280 perditi
589 3215 810 3264 describebant.

86 3278 122 3336 50
184 3283 216 3343 Q.
231 3282 363 3346 Pompeius
379 3280 457 3330 Rufus
469 3287 494 3328 et
509 3281 538 3328 C.
557 3279 686 3329 Sallustius
699 3279 792 3328 tribuni
804 3279 901 3328 fuerunt
918 3294 981 3343 quos
997 3277 1129 3342 significat.

136 3346 173 3394 Hi
195 3347 261 3395 enim
288 3345 362 3410 primi
384 3346 416 3393 de
438 3359 468 3392 ea
494 3343 549 3406 lege
571 3342 673 3391 ferenda
694 3343 815 3406 populum
836 3343 930 3391 hortati
951 3352 1008 3391 sunt
1029 3350 1055 3392 et
1075 3342 1129 3391 dix·

121 3416 205 3517 aedunt
224 3425 240 3457 a
261 3425 336 3459 manu
359 3408 461 3459 Milonis
481 3408 589 3457 occisum
608 3421 661 3457 esse
683 3407 809 3467 Clodium,
829 3407 933 3455 consilio
951 3422 1011 3456 vero
1030 3406 1130 3456 maioris

148 3487 239 3523 remus.
