2430 3772
132 225 170 294 4⁶
498 221 745 282 cronicorum
1000 221 1133 306 [xx54

133 353 332 413 ditissimum?
360 353 492 413 Vestitus
503 373 541 412 an
551 353 721 413 vehiculum
732 372 770 411 an
781 356 904 416 comes?
933 355 1017 430 Quid
1028 356 1131 417 minus

132 463 304 528 promptum
318 451 357 510 ad
371 470 511 528 pugnam,
523 471 592 511 cum
605 452 734 529 paenula
748 450 883 524 irretitus
898 453 989 512 raeda
1001 453 1130 531 impedi·

132 561 188 620 tus,
211 568 302 608 uxore
323 568 420 625 paene
444 547 619 608 constrictus
647 550 747 608 esset?
788 547 896 614 Videte
924 568 1006 619 nunc
1033 550 1129 626 illurn,

133 648 259 723 primum
275 646 475 724 egredientem
490 666 507 706 e
521 648 590 705 villa
604 646 711 707 subito
756 648 838 707 Cur?
871 648 1006 725 Vesperi.
1043 648 1131 724 Quid

133 763 254 805 necesse
268 747 335 805 est?
364 745 471 804 Tarde.
505 743 566 819 Qui
576 732 724 817 convenit,
735 743 906 821 praesertim
917 744 949 804 id
963 745 1130 822 temporis?
1143 778 1156 815 ⁵

135 843 268 902 Devertit
282 843 312 902 in
327 843 428 902 villam
443 840 575 918 Pompei.
605 841 784 919 Pompeium
799 854 831 903 ut
845 842 980 904 videret?
1006 842 1129 904 Sciebat

133 939 163 997 in
188 939 317 1000 Alsiensi
340 959 415 1000 esse.
457 939 567 997 Villam
591 951 624 999 ut
648 939 851 1018 perspiceret?
892 940 1013 1001 Miliens
1037 939 1129 1002 inea

133 1038 233 1096 fuerat.
278 1037 359 1114 Quid
376 1056 447 1114 ergo
466 1038 551 1097 erat?
594 1040 698 1095 Morae
715 1048 745 1096 et
760 1036 1014 1114 tergiversationes
1023 1060 1032 1113 ;
1053 1026 1127 1098 dum

133 1134 180 1193 bic
194 1137 314 1208 veniret,
329 1136 429 1194 locum
443 1134 608 1210 relinquere
622 1134 725 1194 noluit.

80 1232 115 1289 55
190 1234 277 1290 ΧΧΙ.
320 1235 384 1308 Age
406 1251 487 1290 nunc
511 1231 566 1290 iter
593 1231 726 1308 expediti
753 1231 876 1293 latronis
904 1253 974 1292 cum
1002 1233 1129 1295 Milonis
1144 1267 1168 1294 to

133 1328 354 1405 impedimentis
375 1341 552 1405 comparate.
597 1331 722 1406 Semper
745 1330 795 1390 ille
819 1344 908 1392 antea
931 1351 999 1391 cum
1024 1351 1126 1405 uxore,

132 1439 193 1485 tum
209 1425 273 1486 sine
287 1447 337 1499 ea3
355 1446 518 1502 numquam
532 1425 589 1487 nisi
603 1427 635 1487 in
649 1429 748 1501 raeda,
765 1441 828 1489 tum
842 1429 874 1489 in
887 1449 967 1506 equo
972 1451 980 1503 3
1000 1429 1128 1491 comites

133 1524 278 1596 Graeculi,
301 1545 493 1603 quocumque
514 1524 584 1597 ibat,
607 1525 696 1585 etiam
721 1546 790 1587 curn
818 1526 849 1586 in
877 1539 972 1587 castra
1000 1529 1128 1588 Etrusca

132 1625 330 1699 properabat3
359 1634 423 1684 tum
444 1642 588 1700 nugarum
612 1621 642 1681 in
668 1623 812 1707 comitatu
837 1623 917 1684 nihil.
962 1625 1048 1699 Milo,
1074 1627 1128 1703 qui

132 1738 305 1797 numquam,
327 1734 389 1782 tum
410 1742 481 1782 casu
503 1741 610 1798 pueros
632 1721 862 1798 symphoniacos
880 1722 978 1783 uxoris
996 1724 1130 1784 ducebat
1144 1757 1166 1793 15

132 1828 162 1876 et
176 1819 346 1878 ancillarum
362 1839 484 1896 greges;
505 1820 562 1890 ille,
578 1819 630 1895 qui
647 1839 762 1896 semper
776 1839 876 1879 secum
891 1832 997 1895 scorta,
1009 1839 1145 1898 sempert

132 1917 273 1986 exoletos,
287 1935 403 1992 semper
417 1919 501 1992 lupas
516 1917 645 1989 duceret,
660 1928 723 1976 turn
738 1917 898 1989 neminem,
913 1916 969 1976 nisr
961 1888 1178 1993 bt⁹v⁸⁴uu⁵dr⁶ssfss

132 2032 150 2070 a
170 2033 233 2071 vrro
254 2013 362 2071 lectum
385 2032 450 2072 esse
471 2011 592 2071 diceres.
637 2013 726 2073 Cur
718 2015 805 2091 igitur
822 2013 918 2073 victus
940 2016 1007 2074 est?
1048 2017 1129 2092 Quia

133 2129 194 2169 non
213 2128 330 2185 semper
344 2111 437 2170 viator
457 2130 475 2169 a
496 2111 619 2182 latrone,
635 2130 696 2170 non
718 2129 880 2186 numquam
902 2110 990 2170 etiarn
1012 2114 1088 2172 latro
1108 2133 1129 2172 a

132 2205 242 2266 viatore
263 2207 427 2281 occiditur;
454 2208 532 2284 quia,
555 2228 737 2285 quamquam
763 2220 882 2284 paratus
904 2208 936 2268 in
956 2207 1168 2287 imparatos,20

80 2305 115 2362 56
131 2316 230 2364 tamen
246 2304 350 2364 mulier
364 2305 529 2366 inciderat
521 2326 553 2364 ιιι
566 2305 651 2365 viros
687 2307 754 2364 Nec
764 2324 834 2364 vero
850 2305 893 2364 sic
907 2319 968 2366 erat
983 2326 1128 2417 umquam

133 2422 193 2462 non
217 2414 337 2479 paratus
363 2403 447 2476 Milo,
471 2417 575 2464 contra
602 2405 685 2462 illum
713 2408 746 2462 ut
774 2422 836 2463 non
865 2398 935 2465 satis
960 2386 1031 2464 sere
1048 2388 1134 2483 esset

132 2511 257 2576 paratus
300 2501 451 2577 Semper
444 2520 509 2577 rpse
530 2514 559 2561 et
580 2511 724 2578 quantum
745 2500 899 2561 interesset
923 2502 955 2563 P.
979 2488 1085 2563 Clo‘di
1093 2510 1127 2564 s'e

132 2597 226 2673 perire
249 2608 279 2656 et
302 2609 413 2673 quanto
439 2598 480 2656 illi
503 2596 575 2657 odio
598 2610 674 2657 esset
699 2609 729 2657 et
754 2610 898 2674 quantum
926 2601 976 2660 ille
1004 2602 1127 2697 auderet

132 2694 290 2785 cogitabat
342 2696 439 2769 Quam
469 2699 509 2756 ob
536 2717 599 2756 rem
628 2695 720 2755 vitam
748 2715 842 2769 suam,
872 2716 962 2773 quarn
991 2674 1128 2757 mairir'riis
1142 2730 1167 2769 05

132 2780 270 2868 praemiis
286 2784 467 2868 propositam
488 2805 518 2853 et
536 2813 632 2871 paene
651 2791 803 2852 addictam
823 2792 943 2867 sciebat,
959 2815 1125 2872 numquam

132 2889 162 2946 in
187 2888 349 2991 periculum
376 2892 441 2971 sine
468 2892 616 2968 praesidio
644 2902 673 2952 et
701 2890 765 2951 sine
793 2892 929 2952 custodia
951 2892 1124 2977 proiciebat.

132 2986 220 3044 Adde
248 2982 341 3058 casus,
365 2988 475 3048 adde
468 3002 595 3050 incertos
620 2988 715 3050 exitus
743 3008 907 3066 pugnarum
937 2981 1129 3068 Martemque

132 3101 321 3142 communem
325 3085 396 3161 ,qui
408 3105 497 3163 saepe
508 3086 705 3164 spoliantem
698 3106 756 3145 ram
768 3097 798 3145 et
809 3089 1006 3147 exsultantem
1020 3089 1126 3149 evertit

132 3193 162 3239 et
176 3180 300 3256 perculit
315 3181 354 3241 ab
368 3181 503 3242 abiecto·
492 3229 504 3257 0
525 3183 626 3267 adde
619 3183 765 3243 inscitiam
781 3183 880 3260 pransi
893 3185 956 3261 poti
973 3164 1127 3246 oscitantis
1141 3216 1168 3255 ιο

132 3276 225 3348 ducis,
241 3280 373 3354 quicum
382 3301 412 3345 a
423 3260 524 3363 t'ergd
526 3258 643 3341 host'em
657 3281 847 3340 interclusum
862 3280 1036 3357 reliquisset,
1052 3282 1125 3342 nihil

132 3374 171 3432 de
192 3373 254 3434 eius
274 3376 411 3437 extremis
432 3358 589 3438 comitibus
611 3378 759 3456 cogitavit,
774 3378 806 3436 in
826 3397 903 3455 quos
923 3380 1062 3438 incensos
1082 3379 1126 3439 ira

132 3468 281 3546 vitamque
302 3472 416 3533 domini
436 3474 620 3550 desperantis
641 3496 710 3534 cum
732 3473 892 3547 incidisset,
915 3473 1038 3534 haesit
1030 3494 1060 3534 m
1082 3476 1126 3536 eis
