2430 3772
120 200 244 260 xxvu
261 196 311 282 74]
361 200 453 261 erro
478 201 662 262 ursona
691 200 868 262 oleario.
1071 216 1108 277 53

121 341 231 402 movet,
247 340 377 388 nectam
397 348 462 389 sum
480 329 605 388 demens
626 339 747 405 tamque
760 325 848 388 vestri
867 346 971 388 sensus
991 326 1109 404 ignarus

121 437 211 503 atque
235 444 347 502 expers,
370 437 403 485 ut
424 425 555 486 nesciam
579 423 714 500 quidde
738 437 834 485 morte
856 427 945 487 Clodi
968 424 1107 484 sentiatis.

122 525 172 585 De
192 543 252 600 qua
271 523 296 582 si
317 523 377 581 iam
397 525 508 584 nollem
528 522 570 582 ita
590 522 701 584 diluere
721 523 833 582 crimen
854 534 887 583 ut
907 521 988 594 dilui,
1010 532 1109 582 tamen

122 622 246 699 impune
267 621 376 680 Miloni
395 622 495 698 palam
514 621 642 680 clamare
662 640 699 680 ac
717 620 834 683 mentiri
852 619 1047 727 gloriose
992 618 1147 743 liceret..
1159 656 1162 661 -

94 748 108 788 5
122 717 227 778 Occi
220 738 237 793 1,
251 717 357 832 qccidi
370 737 431 777 non
445 719 494 795 Sp.
512 717 666 788 Maelium,
681 736 732 793 qui
725 681 1184 874 annobaievan?
1021 698 1145 775 laelii*

87 794 221 890 ἴιιειιιιιι
240 834 281 875 rei
273 814 453 889 familiaris,
468 814 539 890 quia
557 813 644 874 nimis
659 788 807 891 amplecti
813 796 950 892 plebem
945 835 975 873 ιι
997 816 1109 884 ebatur,

122 912 154 971 in
173 912 371 988 suspicionem
391 911 494 973 incidit
511 910 592 987 regni
610 913 779 988 appetendi,
794 932 857 972 non
870 911 915 972 Ti.
932 912 1109 984 Gracchum,

122 1028 176 1086 qur
167 1007 320 1085 collegae
335 1008 535 1086 magistratum
553 1028 606 1085 per
619 1009 862 1070 seditioneml
808 984 862 1069 abl
858 972 969 1084 ogavlb,
984 1027 1110 1084 quorum

122 1106 325 1166 interfectores
338 1106 534 1182 impleverunt
545 1107 647 1166 orbem
659 1120 799 1167 terrarum
810 1107 938 1167 nominis
952 1126 997 1166 sui
988 1105 1109 1184 gloria,

81 1237 107 1265 ιο
122 1205 176 1264 sed
198 1223 266 1263 eum
287 1204 423 1311 (auderet
443 1203 521 1264 enim
543 1203 648 1277 dicere,
671 1225 740 1264 cum
761 1205 885 1282 patriam
907 1203 1037 1291 periculo
1056 1222 1111 1263 suo

122 1301 288 1378 liberasset)
303 1301 385 1362 cuius
400 1302 562 1362 nefandum
576 1302 780 1362 adulterium
772 1322 803 1361 ιιι
818 1281 1055 1378 pulviualibd‘s'''
1031 1320 1112 1359 sauc-

123 1397 244 1460 tissimis
259 1399 460 1460 nobilissimae
474 1399 601 1458 feminae
616 1400 918 1493 comprehenderunt·
938 1417 1015 1470 enm,
1029 1396 1114 1457 cuius
1128 1397 1164 1455 73

124 1495 271 1573 supplicio
285 1507 405 1556 senatus
423 1494 575 1556 sollemnis
588 1482 744 1573 religiones
761 1444 934 1573 expiaiidis
942 1513 1029 1572 saepe
1047 1488 1135 1555 ceni·
1146 1462 1198 1500 Ι

122 1594 196 1668 suit3
225 1613 292 1654 eum
316 1614 405 1670 quem
428 1613 496 1654 cum
525 1611 625 1653 sorore
648 1612 789 1670 germana
811 1591 955 1652 nefarium
979 1604 1112 1669 stuprum

83 1725 107 1762 ις,
124 1692 310 1797 ιοειεειιιι
309 1693 448 1751 Lucullus
469 1691 579 1750 iuratus
604 1710 636 1750 se
659 1689 883 1766 quaestionibus
906 1686 1013 1748 habitis
1038 1688 1112 1748 dixit

123 1755 320 1865 comberis'se3
341 1808 409 1848 eum
428 1787 478 1865 qui
498 1788 592 1847 civem
596 1806 710 1864 ,quem
731 1797 859 1858 senatus,
874 1804 962 1862 quem
984 1786 1112 1861 populus

125 1891 292 1965 Romanus,
306 1907 395 1963 quern
411 1907 514 1948 omnes
528 1898 631 1964 gentes
644 1883 724 1944 urbis
737 1902 774 1943 ac
786 1881 864 1943 vitae
877 1883 985 1941 civium
999 1902 1115 1967 conser-

124 1994 258 2045 vatorem
278 1983 450 2058 iudicarant,
466 2004 615 2046 servorum
635 1982 725 2043 armis
741 1978 962 2058 extemrinavitj
972 2000 1048 2041 -eurn
1063 1980 1113 2057 qui

124 2102 216 2160 regna
234 2081 317 2143 dedit
337 2082 457 2157 ademit,
473 2084 574 2144 orbem
594 2093 733 2144 terrarum
748 2081 923 2158 quibuscum
939 2079 1031 2140 voluit
1050 2099 1114 2157 par·

85 2214 112 2242 20
126 2182 196 2241 titus
210 2193 256 2242 est
264 2202 274 2255 3
297 2201 366 2242 eum
380 2181 432 2259 qui
449 2180 580 2257 plurimis
601 2180 744 2240 caedibus
758 2178 789 2237 in
803 2181 868 2238 loro
881 2176 965 2237 sactis
980 2176 1116 2254 singulari

125 2278 232 2339 virtute
249 2289 279 2338 et
297 2277 389 2356 gloria
405 2278 500 2338 civem
522 2280 645 2339 domurn
658 2277 688 2337 vi
709 2288 739 2336 et
759 2275 847 2336 armis
867 2275 1024 2352 compulit;
1045 2294 1113 2334 eum

123 2377 174 2435 cni
189 2374 263 2434 nihil
276 2394 418 2451 nmquam
433 2377 516 2434 nesas
529 2373 585 2434 luit
598 2394 655 2435 nec
668 2374 699 2433 in
713 2372 843 2433 facinore
856 2392 913 2433 nec
932 2371 962 2431 in
980 2371 1103 2432 libidine
1108 2394 1116 2447 ;

125 2491 195 2550 eum
210 2470 262 2548 qui
282 2472 387 2531 aedem
406 2475 611 2550 Nympharum
632 2472 773 2544 incendit,
787 2483 821 2531 ut
834 2469 1008 2532 memoriam
1021 2469 1115 2548 publi-

126 2589 193 2629 cam
214 2568 395 2630 recensionis
422 2569 529 2629 tabulis
549 2568 707 2646 publicis
699 2588 872 2645 impressam
900 2569 1114 2644 exstingueret,

83 2700 109 2736 2⁵
125 2686 194 2727 eum
208 2665 338 2742 denique
352 2665 400 2725 cui
413 2665 473 2725 iarn
492 2667 574 2725 nulla
587 2667 635 2726 lex
653 2676 722 2740 erat,
739 2668 853 2737 nullum
870 2665 981 2733 civile
974 2685 1027 2736 ius,
1043 2664 1115 2724 nulli
1130 2663 1168 2723 '14

125 2763 348 2872 possessionum
362 2736 486 2838 ¹ferri'iini,
503 2763 630 2839 quinon
645 2748 793 2824 calumnia
802 2750 909 2834 litium,
925 2779 985 2822 non
999 2760 1113 2821 iniustis

125 2838 262 2920 vindiciis
283 2880 318 2919 ac
338 2846 529 2921 sacramentis
553 2859 666 2920 alienos
686 2860 802 2932 fundos
828 2861 882 2920 sed
903 2858 1012 2930 castris,
1034 2877 1113 2918 exer·

125 2959 197 3030 citu,
213 2957 303 3036 signis
317 2957 477 3019 inserendis
491 2959 620 3035 petebat,
636 2956 762 3035 quinon
781 2958 878 3018 solum
896 2959 1035 3016 Etruscos
1051 2961 1115 3035 (eos

126 3056 207 3117 enim
229 3053 346 3133 penitus
366 3055 596 3164 contempserat)
618 3054 671 3114 sed
691 3055 772 3113 hunc
792 3055 826 3113 P.
843 3052 974 3125 Varium,
997 3049 1115 3113 fortissi-

84 3186 112 3227 ,ο
126 3173 209 3213 ιιιιιιιι
230 3163 319 3227 atque
338 3151 484 3228 optimum
505 3151 609 3225 civem,
624 3149 751 3210 indicem
771 3159 914 3221 nostrum,
928 3149 1036 3225 pellere
1049 3167 1116 3224 pos·

127 3249 310 3310 sessionibus
323 3246 412 3306 armis
426 3247 586 3325 castrisque
599 3260 724 3307 conatus
739 3258 792 3320 est,
803 3245 854 3324 qui
867 3264 935 3305 cum
949 3243 1115 3305 architectis

126 3357 158 3407 et
177 3324 368 3421 decempedis
389 3342 472 3404 villas
494 3344 655 3404 multorum
677 3345 838 3418 hortosque
861 3343 1043 3417 peragrabat,
1064 3339 1115 3416 qui

127 3442 263 3504 Ianiculo
277 3453 306 3503 et
321 3440 447 3519 Alpibus
462 3460 547 3519 spem
562 3440 782 3522 possessionum
801 3436 972 3498 terminarat
989 3457 1127 3501 suarum,
