2430 3772
117 224 280 306 xx1159]
362 228 453 287 prro
480 226 663 285 MILONE
693 223 869 285 ORATIO.
1073 240 1110 296 47

118 357 234 436 poenis,
260 379 334 435 quas
357 361 395 418 ab
421 378 458 418 eo
487 358 562 418 servi
588 358 691 416 fideles
719 375 774 432 pro
802 354 915 415 domini
940 353 999 413 vita
1027 372 1113 429 expe·

118 468 254 516 trverunt.

120 637 152 710 ἐξ
165 639 278 697 57-60.
316 637 392 694 Milo
404 637 519 694 admits
530 636 574 694 all
585 636 658 693 that
668 635 718 692 his
730 634 832 693 slavos
847 634 935 692 could
950 634 1030 691 have
1045 633 1113 691 told

184 726 283 782 under
303 727 424 781 tortura
444 724 472 780 it
488 722 527 781 he
547 722 609 780 had
629 725 686 778 not
707 725 756 779 sot
776 721 862 778 them
882 721 954 791 free,
976 722 1038 778 and
1058 721 1113 778 tho

185 812 355 878 testimony
366 811 401 867 ol
409 810 464 866 the
476 809 603 866 clodian
615 808 718 866 slaves
729 808 757 864 is
768 807 939 865 worthlass.

132 961 135 966 ·
180 928 242 987 Cur
256 925 343 1001 igitur
357 944 409 985 eos
424 944 514 982 manu
528 923 629 983 misit?
671 924 828 984 Metuebat
849 922 962 983 scilicet
982 943 1020 983 ne
1041 923 1114 983 indi·
1129 925 1164 982 57

118 1036 241 1096 caretur,
265 1042 303 1081 ne
331 1023 465 1081 dolorem
494 1023 621 1097 perferre
648 1041 710 1081 non
738 1032 868 1098 possent,
893 1041 931 1080 ne
959 1022 1113 1081 tormentis

90 1133 293 1200 scogerentur
318 1121 449 1179 occisum
475 1140 540 1180 esse
568 1141 586 1179 a
610 1119 704 1180 servis
733 1118 854 1178 Milonis
883 1118 913 1177 in
941 1119 1041 1196 Appia
1064 1120 1112 1179 via

120 1224 156 1307 Ρ.Ι
175 1219 322 1313 §lodium
355 1218 497 1315 confiteri,
520 1218 632 1307 ,3Quid
665 1237 741 1294 opus
772 1227 816 1277 est
849 1220 981 1278 tortore?
1029 1216 1109 1293 Quid

118 1284 273 1392 quierls‘li‘
300 1300 438 1377 Occiderr
453 1292 539 1375 figit-,⁵
553 1298 680 1403 Occidit.
709 1317 794 1417 ¹Jure
808 1335 847 1373 an
861 1313 987 1374 iniuria?
1029 1315 1111 1373 Nihil

117 1418 157 1476 ad
181 1428 321 1475 tortorem
332 1436 340 1488 ;
370 1416 440 1473 lacti
463 1414 542 1474 enim
566 1414 596 1473 in
620 1388 725 1474 eicuileo
751 1411 885 1490 quaestio
908 1425 960 1485 est,
986 1413 1056 1473 iuris
1081 1413 1111 1471 in

117 1513 238 1597 iudicio
270 1513 384 1591 XXII.
423 1513 514 1586 Quod
541 1511 629 1589 igitur
656 1511 687 1570 in
715 1530 804 1569 causa
830 1512 1032 1587 quaerendum
1056 1523 1110 1584 est,

76 1645 102 1672 10
116 1611 148 1670 id
169 1594 378 1687 agamus'iric5
407 1612 489 1687 quod
511 1610 665 1670 tormentis
689 1608 821 1668 invenire
842 1607 894 1680 vis,
917 1609 949 1667 id
976 1604 1109 1668 saterriur.¹
1138 1604 1140 1619 '

119 1711 215 1767 Manu
240 1727 309 1767 vero
335 1727 385 1765 cur
409 1705 529 1779 miserit,
554 1707 579 1766 si
606 1707 637 1767 id
663 1706 762 1783 potius
790 1705 914 1783 quaeris,
943 1725 1032 1782 quarn
1060 1726 1113 1764 cur

117 1824 222 1882 parum
251 1804 357 1880 amplis
384 1803 528 1863 adfecerit
554 1804 701 1880 praemiis,
731 1804 838 1862 nescis·
858 1802 969 1862 inimici
1000 1806 1111 1863 lactum

117 1903 341 1978 reprehendere.
386 1901 470 1960 Dixit
494 1902 574 1960 enim
603 1901 652 1961 hic
676 1901 765 1975 idem,
791 1899 843 1976 qui
867 1900 969 1960 omnia
996 1921 1112 1978 semper
1126 1901 1165 1961 58

117 2012 289 2059 constanter
319 2010 350 2058 et
382 1997 503 2070 fortiter,
534 2001 577 2057 M.
608 1999 693 2068 Cato,
723 2009 753 2057 et
781 1997 854 2063 dixit
882 1999 912 2057 in
942 2001 1111 2059 turbulenta

77 2130 101 2166 15
116 2096 267 2169 contione,
292 2115 369 2173 quae
392 2108 492 2156 tamen
512 2097 605 2175 huius
628 2096 802 2156 auctoritate
830 2098 946 2172 placata
973 2109 1025 2169 est,
1050 2117 1111 2157 non

116 2195 253 2256 libertate
276 2197 373 2254 solum
398 2196 452 2256 sed
477 2195 567 2255 etiam
592 2194 730 2254 omnibus
759 2193 896 2271 praemiis
924 2193 1112 2272 dignissimos

116 2291 215 2365 fuisse,
240 2291 290 2369 qui
311 2291 427 2351 domini
448 2304 536 2369 caput
558 2291 769 2352 defendissent.
814 2293 904 2368 Quod
926 2291 1005 2351 enirn
1030 2311 1112 2368 prae

117 2390 211 2450 mium
235 2389 304 2449 satis
329 2409 471 2467 magnum
497 2401 541 2448 est
566 2399 627 2447 tam
655 2389 817 2462 benevolis,
841 2400 901 2448 tam
930 2388 1029 2477 bonis,¹
1049 2401 1110 2485 tarn

117 2486 375 2579 fidelibusseruis,
397 2499 518 2568 propter
538 2507 613 2564 quos
635 2487 728 2548 vivit?
770 2486 834 2547 Etsi
854 2486 885 2547 id
907 2478 1027 2564 ¹Quidem
1049 2507 1111 2547 uon

74 2566 269 2657 a'tant'li‘e‘st]
294 2570 384 2662 quim
412 2587 493 2661 quod
522 2599 643 2663 propter
670 2589 792 2647 eosdem
821 2605 882 2645 non
911 2586 1053 2663 sanguine
1082 2596 1111 2645 et

116 2682 286 2742 volneribus
306 2683 367 2743 suis
385 2683 578 2742 crudelissimi
598 2681 710 2743 inimici
731 2694 862 2742 mentem
884 2685 1046 2760 oculosque
1067 2703 1111 2742 sa-

117 2779 207 2840 tiavit.
252 2781 336 2854 Quos
356 2780 412 2840 nisi
431 2800 522 2840 manu
542 2779 679 2854 misisset,
695 2781 849 2842 tormentis
869 2781 958 2841 etiam
980 2780 1112 2841 dedendi

116 2880 235 2937 fuerunt
260 2891 481 2938 conservatores
505 2878 629 2951 domini,
653 2880 776 2938 ultores¹
792 2879 917 2951 sceleris,
941 2882 1111 2940 defensores

117 2974 207 3034 necis.
240 2975 301 3033 Hic
312 2996 381 3058 vero
393 2976 467 3035 nihil
477 2978 568 3036 habet
579 2975 609 3034 in
623 2973 669 3034 his
684 2975 768 3035 malis
782 2977 864 3052 quod
879 2977 976 3035 minus
987 2978 1111 3037 moleste

75 3105 100 3144 25
115 3075 190 3134 serat
206 3092 305 3149 quarn,
322 3074 410 3134 etiam
426 3074 450 3134 si
465 3074 537 3151 quid
553 3058 608 3150 ipsi
623 3073 748 3145 accidat,
764 3093 828 3133 esse
843 3085 944 3133 tamen
958 3073 1013 3132 illis
1028 3073 1111 3132 meri-

117 3182 181 3228 tum
195 3169 360 3246 praemium
376 3172 566 3247 persolutum.

180 3268 239 3328 Sed
268 3268 456 3344 quaestiones
485 3278 596 3345 urgent¹
618 3269 774 3344 Milonem,
798 3287 874 3345 quae
899 3279 967 3328 sunt
994 3268 1112 3329 habitae
1128 3271 1163 3328 59

119 3363 244 3423 nuncin
262 3365 337 3425 atrio
358 3367 523 3427 Libertatis.
567 3351 756 3442 Quibusnam
776 3366 814 3426 de
833 3365 944 3424 servis?
988 3368 1111 3443 Rogas?

118 3463 167 3521 De
189 3462 221 3519 P.
244 3462 340 3522 Clodi.
385 3462 460 3539 Quis
480 3483 532 3523 eos
554 3462 735 3541 postulavit?
781 3464 913 3540 liumus.
951 3464 1039 3532 Qus
1054 3477 1131 3526 um·
