2430 3772
131 209 188 282 146
370 207 461 268 PRO
487 205 672 267 MILONE
703 204 878 266 ORATIO.

128 339 242 406 proditus
257 344 296 389 est
311 339 350 388 Μ.
367 338 490 389 Aemilius
506 338 624 404 Lepidus.
661 338 721 387 Non
734 337 781 386 fuit
795 344 878 386 autem
892 336 969 386 moris
983 336 1016 386 ab
1031 351 1070 397 eo,
1085 337 1129 401 qui

148 405 224 454 rimus
234 404 341 454 interrex
351 405 465 469 proditus
475 411 536 464 erat,
547 402 648 452 comitia
655 402 750 452 haberi.
776 402 827 452 Sed
839 401 964 466 Scipionis
975 408 1000 450 et
1012 402 1129 466 Hypsaei

169 472 257 530 tiones,
270 469 330 534 quia
340 484 425 518 recens
435 469 530 518 invidia
544 467 648 517 Milonis
662 474 723 526 erat,
736 482 794 516 cum
808 473 895 516 contra
908 467 947 516 ius
960 467 1125 531 postularent,

129 541 158 585 ut
168 535 275 583 interrex
287 534 320 582 ad
330 533 432 584 comitia
439 533 569 584 consulum
577 531 739 583 creandorum
747 531 914 592 descenderet,
924 530 1001 596 idque
1011 531 1066 596 ipse
1077 547 1129 580 non

128 598 229 658 faceret,
243 599 346 647 domum
357 599 409 648 eius
420 615 465 664 per
475 614 562 662 omnes
572 597 706 661 interregni
721 596 775 646 dies
790 596 898 657 (fuerunt
912 605 996 646 autem
1012 613 1043 646 ex
1058 612 1129 646 more

129 662 249 729 quinque)
267 664 423 713 obsedenrnt.
458 663 559 713 Deinde
576 663 645 711 omni
662 663 687 710 vi
706 661 780 710 ianua
798 667 939 726 expugnata
959 669 985 710 et
1007 661 1129 725 imagines

129 729 252 779 maiorum
266 727 407 778 deiecenmt
421 734 447 777 et
460 728 579 777 lectulum
593 727 724 776 adversum
738 725 822 775 uxoris
836 727 888 775 eius
903 726 1044 787 Corneliae,
1058 727 1128 775 cuius

129 793 231 845 castitas
241 807 287 857 pro
298 808 368 842 exem
387 792 413 841 lo
424 791 509 841 habita
519 799 564 852 est,
577 791 710 856 fregerunt,
723 791 832 855 itemque
843 791 913 851 telas,
926 806 991 855 quae
1002 807 1033 840 ex
1044 800 1128 840 vetere

129 873 200 908 more
210 856 307 907 inatrio
316 808 469 917 texebantur,
479 857 614 906 diruerunt.
639 857 699 906 Post
724 871 770 904 uae
778 856 920 920 supervenit
928 855 1032 905 Milonis
1041 872 1128 905 manus

129 929 157 974 et
167 922 222 987 ipsa
232 921 360 988 postulans
370 923 471 972 comitia
477 939 485 983 ;
501 922 571 971 cuius
581 922 702 970 adventus
707 871 761 969 init
771 921 845 970 saluti
856 920 968 984 Lepido:
985 921 1012 969 in
1022 937 1050 970 se
1061 922 1128 970 enirn

130 988 200 1052 ipsae
219 1002 351 1036 conversae
367 995 425 1036 sunt
443 986 562 1036 sactiones
580 986 703 1046 inimicae,
723 994 798 1050 atque
816 985 852 1034 ita
868 985 1023 1050 oppugnatio
1038 986 1129 1035 domus

130 1052 260 1117 interregis
271 1051 362 1101 omissa
372 1059 417 1101 est.

75 1109 121 1169 A4
183 1118 205 1180 (5
225 1117 275 1179 ¹4·)
309 1116 394 1178 Quod
412 1116 436 1166 si
474 1132 505 1166 er
521 1114 666 1165 furiosum
682 1113 768 1165 illum
785 1114 936 1164 tribunum
952 1114 991 1180 pl.
1011 1116 1129 1166 senatui

131 1182 211 1246 quod
228 1181 378 1231 sentiebat
393 1132 540 1247 perlicere
554 1180 700 1238 licuisset,
715 1195 824 1229 novam
839 1180 1046 1244 quaestionem
1063 1181 1129 1230 nul·

130 1246 191 1296 lam
201 1245 383 1296 haberemus.
419 1246 608 1296 Decernebat
623 1245 710 1305 enim,
721 1250 753 1293 ut
763 1245 915 1294 veteribus
925 1245 1051 1309 legibus,
1063 1253 1128 1295 tan·

131 1310 285 1361 tummodo
299 1317 383 1359 extra
397 1311 539 1370 ordinem,
556 1317 758 1375 quaereretur.
791 1309 901 1359 Divisa
914 1310 1065 1360 sententia
1082 1317 1129 1359 est

131 1373 302 1453 postulante
313 1375 496 1438 nescioquo.
532 1375 581 1426 Sic
591 1375 709 1440 reliqua
719 1375 887 1424 auctoritas
898 1382 1017 1424 senatus
1028 1383 1129 1439 empta

132 1439 349 1492 intercessione
366 1439 491 1489 sublata
506 1447 561 1489 est.

131 1569 168 1620 fib
183 1504 251 1568 Quid
266 1504 299 1554 sit
314 1504 450 1554 dividere
465 1503 655 1563 sententiam,
671 1510 699 1553 ut
715 1503 880 1554 enarrandum
896 1503 937 1561 sit,
953 1509 1034 1553 vestra
1050 1509 1127 1560 aetas,

161 1570 176 1582 ‘⁹
198 1569 266 1619 facit.

169 1586 248 1685 1’Cum
262 1633 351 1699 aliquis
365 1633 393 1684 in
407 1634 513 1684 dicenda
528 1634 651 1684 sententia
664 1633 726 1682 duas
740 1632 856 1698 pluresve
865 1648 905 1684 res
915 1649 971 1683 com
988 1631 1127 1690 lectitur‚si

132 1699 231 1750 carinon
239 1715 325 1751 omnes
333 1715 378 1750 eae
385 1700 529 1764 probantur,
537 1698 646 1764 postulat
653 1706 681 1748 ut
689 1699 821 1756 dividatur,
829 1698 856 1748 id
862 1706 899 1748 est
905 1698 937 1748 de
945 1649 1017 1748 feius
1025 1697 1128 1762 singulis

131 1765 259 1814 referatur.
292 1765 408 1814 Forsitan
423 1780 489 1814 nunc
508 1764 557 1814 hoc
572 1779 672 1829 quoque
688 1763 770 1812 velitis
789 1763 860 1823 scire,
878 1763 922 1828 qui
940 1762 1021 1824 firerit,
1040 1763 1083 1827 qui
1101 1762 1129 1813 id

131 1829 301 1894 postulaverit.
336 1829 413 1892 Quod
426 1845 478 1878 non
492 1828 543 1879 sere
557 1829 675 1878 traditur:
691 1843 743 1877 non
757 1828 824 1877 enim
838 1828 870 1888 ei,
888 1827 932 1892 qui
945 1827 994 1877 hoc
1007 1828 1125 1892 postulat,

131 1894 245 1943 oratione
257 1894 335 1957 longa
347 1895 468 1943 utendum
482 1909 512 1943 ac
526 1908 558 1944 ue
573 1892 771 1958 consurgendum
799 1892 882 1942 uidem
893 1892 978 1957 utique
989 1899 1041 1953 est3
1057 1893 1128 1942 multi

131 1959 200 2008 enim
214 1958 328 2007 sedentes
341 1956 390 2006 hoc
403 1973 481 2007 unum
491 1959 595 2007 verbum
610 1958 770 2022 pronuntiant
815 1957 916 2006 ivide:
933 1956 1001 2022 quod
1016 1972 1073 2006 etim
1086 1973 1128 2006 au·

132 2022 213 2071 ditum
228 2029 273 2081 est,
287 2021 393 2070 liberum
407 2029 445 2071 est
459 2022 491 2082 ei,
526 2023 552 2072 ui
567 2021 627 2072 facit
642 2022 796 2082 relationem,
811 2021 931 2070 dividere.
964 2021 1016 2072 Sed
1032 2037 1088 2087 ego,
1101 2029 1129 2071 ut

131 2085 251 2137 curiosius
261 2085 336 2135 aetati
347 2093 442 2136 vestrae
453 2038 609 2147 satislaciam,
621 2087 688 2136 Acta
695 2088 770 2136 etiam
779 2087 855 2136 totius
865 2087 931 2136 illius
942 2089 1063 2150 temporis
1073 2102 1128 2152 per·

131 2158 230 2200 secutus
245 2165 316 2211 sum;
331 2149 359 2199 in
374 2151 464 2215 quibus
480 2151 587 2215 cognovi
602 2151 683 2216 pridie
700 2151 757 2201 Kal.
773 2152 851 2201 Mart.
866 2152 893 2201 S.
912 2151 941 2201 C.
955 2167 1009 2201 esse
1025 2150 1126 2210 factum,

133 2215 162 2264 P.
171 2215 245 2266 Clodi
252 2215 354 2265 caedem
360 2224 384 2265 et
391 2214 532 2266 incendium
540 2216 622 2266 curiae
630 2223 655 2266 et
663 2217 875 2281 oppugnationem
883 2215 983 2265 aedium
992 2217 1030 2265 M.
1039 2216 1129 2280 Lepidi

132 2288 219 2330 contra
229 2296 282 2330 rem
293 2296 319 2345 p.
330 2280 439 2341 sactam3
454 2281 519 2330 ultra
529 2280 634 2331 relatum
645 2281 672 2331 in
682 2281 755 2331 Actis
765 2280 810 2330 illo
821 2281 862 2330 die
872 2280 950 2341 nihil3
965 2287 1067 2346 postero
1076 2281 1126 2341 die,

132 2344 159 2394 id
178 2352 216 2396 est
232 2345 291 2395 Kal.
311 2346 397 2402 Mart,
413 2345 446 2394 Τ.
463 2347 605 2395 Munatium
621 2347 648 2395 in
663 2345 779 2396 contione
795 2347 937 2410 exposuisse
953 2346 1047 2410 populo
1065 2361 1129 2410 quae

83 2405 121 2465 45
151 2411 214 2460 ridie
224 2419 280 2463 acta
290 2418 360 2460 erant
371 2409 398 2459 in
408 2419 508 2462 senatus
519 2412 546 2460 in
557 2426 607 2476 qua
616 2411 733 2461 contione
743 2410 805 2460 haec
816 2411 880 2460 dixit
887 2411 920 2460 ad
927 2412 1044 2462 verbum:
1056 2411 1129 2461 Cum

167 2475 315 2525 ostensius
341 2475 475 2536 dixisset,
500 2482 531 2525 ut
555 2484 642 2526 extra
668 2475 803 2525 ordinem
830 2483 1022 2540 quaereretur
1048 2477 1129 2540 apud

132 2539 350 2604 quaesitorem3
370 2541 536 2590 aestimare
550 2539 687 2600 futurum,
704 2546 744 2602 ut,
760 2554 824 2589 eum
839 2540 981 2605 pusillum
995 2540 1130 2590 edissent

131 2605 311 2664 dulcedinis,
329 2604 456 2668 largiter
470 2604 646 2655 acerbitatis
662 2606 856 2655 devorarent:
876 2604 1018 2654 adversus
1034 2604 1129 2654 homi·

132 2685 199 2718 nem
215 2669 402 2733 ingeniosum
416 2685 475 2719 non
488 2670 610 2734 ingenio
624 2670 670 2719 usi
685 2685 800 2731 sumus;
816 2669 984 2719 invenimus
999 2670 1021 2719 F
1025 2669 1127 2730 ulium,

131 2734 185 2798 qui
195 2733 310 2783 diceret
330 2733 485 2794 ‘Divide’3
507 2734 642 2799 reliquae
658 2734 739 2799 parti
755 2735 922 2784 sententiae
941 2749 995 2797 ego
1014 2742 1043 2784 et
1064 2734 1129 2785 Sal·

130 2797 241 2848 iustius
261 2799 494 2848 intercessimus.
529 2798 602 2849 Haec
623 2799 716 2860 contio,
741 2805 769 2849 ut
790 2806 859 2863 puto,
884 2798 998 2863 explieat,
1021 2805 1046 2848 et
1068 2799 1130 2863 quid

131 2869 233 2912 senatus
243 2863 374 2912 decernere
385 2861 498 2924 voluerit,
509 2871 535 2912 et
546 2865 601 2928 quis
612 2863 760 2914 divisionem
771 2863 940 2927 postulaverit,
952 2871 977 2912 et
988 2864 1044 2928 quis
1054 2863 1129 2913 inter·

132 2928 233 2976 cesserit
252 2934 278 2976 et
297 2941 347 2976 cur.
383 2927 450 2976 Illud
466 2943 512 2977 vos
527 2928 669 2978 meminisse
684 2943 736 2977 uon
751 2928 839 2978 dubito
855 2944 900 2992 per
916 2927 951 2991 Q.
968 2927 1069 2977 Fufium
1085 2928 1129 2976 illo

131 3006 232 3067 quoque
246 2999 358 3054 tempore
372 3006 423 3054 quo
437 2993 470 3042 de
484 2993 579 3043 incesto
590 2993 618 3045 P.
633 2993 708 3045 Clodi
718 3000 800 3042 actum
812 2993 959 3051 estfactum,
973 3008 1005 3042 ue
1015 3008 1032 3042 a
1042 3000 1130 3042 senatu

131 3071 242 3120 asperius
252 3057 432 3105 decerneretur.

181 3123 222 3171 De
233 3122 263 3170 L.
279 3120 393 3170 Domitio
403 3118 477 3170 dicite

186 3187 209 3262 td
229 3184 279 3251 aa.)
313 3185 446 3235 Dederas
464 3184 553 3246 enim,
575 3201 661 3249 quam
680 3192 884 3236 contemneres
905 3184 1066 3251 populares
1086 3187 1129 3236 in·

133 3265 241 3309 sanias,
261 3251 320 3300 iarn
337 3250 374 3299 ab
390 3249 607 3300 adulescentia
622 3251 808 3301 document-a
824 3251 961 3301 maxima.

83 3313 120 3373 46
183 3316 356 3365 Constantiam
366 3316 397 3364 L.
409 3314 507 3364 Domiti
517 3329 592 3378 quam
603 3314 629 3362 in
640 3321 756 3379 praetura
767 3316 888 3381 praestitit
899 3314 1029 3380 significat.
1061 3316 1130 3365 Nam

134 3395 165 3428 eo
179 3386 299 3444 tempore,
316 3395 373 3428 cum
390 3380 419 3428 C.
432 3379 551 3428 Manilius
565 3379 677 3428 tribunus
692 3379 772 3443 plebis
786 3381 905 3430 subnixus
919 3380 1090 3430 libertinorum
1104 3389 1130 3430 et

130 3458 259 3492 servorum
278 3460 354 3493 manu
373 3444 563 3508 perditissimam
581 3443 663 3508 legem
681 3443 764 3502 ferret,
782 3453 810 3494 ut
828 3445 950 3494 libertinis
969 3445 995 3494 in
1014 3445 1130 3494 omnibus

116 3506 239 3557 tribubus
247 3509 397 3574 sudiagiurn
409 3515 481 3571 esset,
495 3508 571 3574 idque
582 3524 626 3574 per
636 3510 770 3558 tumultum
781 3517 865 3574 ageret
879 3517 905 3560 et
919 3510 1011 3561 clivum
1026 3510 1129 3575 Capito-
