2430 3772
125 183 304 268 xvn147]
366 187 457 246 erro
484 187 667 246 MILONE
698 187 874 246 onam.
1079 205 1117 260 43

125 322 164 378 At
178 337 240 395 quo
254 319 325 379 die?
359 319 437 394 Qu0,
454 329 486 377 ut
506 328 577 377 ante
596 317 665 390 dixi,
680 318 735 378 fuit
753 316 941 378 insanissima
953 316 1063 388 contio,
1079 320 1117 377 ab

124 415 216 493 ipsius
237 415 440 475 mercennario
468 416 588 475 tribuno
616 416 711 491 plebis
735 415 899 491 concitata;
926 435 1017 491 quem
1038 415 1118 474 diem

124 512 182 584 ille,
205 532 296 589 quam
324 511 505 591 contionem,
528 532 604 589 quos
628 502 782 580 clamores,
803 513 860 572 nisi
888 515 927 572 ad
955 512 1117 590 cogitatum

123 609 237 670 facinus
262 621 480 687 approperaret,
507 629 673 686 numquam
701 609 874 686 reliquisset.
915 611 994 687 Ergo
1014 609 1055 668 illi
1081 629 1118 669 ne

97 728 213 777 scausa
228 707 350 784 quidem
365 707 485 778 itineris,
502 707 592 767 etiam
607 725 696 766 causa
710 708 860 779 manendi,
877 707 984 766 Miloni
999 726 1119 766 manen-

124 803 156 864 di
175 805 257 871 nulla
274 805 408 875 facultas,
424 805 552 864 exeundi
570 823 632 863 non
653 823 742 863 causa
763 806 867 876 solum,
884 805 936 864 sed
955 803 1044 864 etiam
1065 823 1116 863 ne-

123 900 244 961 cessitas
259 900 320 959 suit.
365 900 447 977 Quid
461 900 493 973 si,
510 913 542 960 ut
557 901 606 962 ille
620 900 704 961 scivit
720 900 866 960 Milonem
882 903 943 961 sore
960 921 997 961 eo
1017 901 1066 961 die
1086 901 1115 959 in

123 996 180 1069 via,
191 997 234 1057 sic
249 997 389 1058 Clodium
407 998 482 1057 Milo
497 1018 535 1058 ne
550 999 690 1076 suspicari
705 999 827 1075 quidem
842 998 961 1076 potuit?
987 998 1118 1058 Primum
1133 998 1171 1057 46

123 1113 243 1170 quaero,
268 1095 318 1171 qui
341 1092 372 1154 id
393 1094 468 1154 scire
496 1095 634 1172 potuerit,
657 1098 739 1172 quod
761 1116 814 1156 vos
842 1095 921 1155 idem
949 1095 980 1154 in
1008 1096 1117 1158 Clodio

82 1224 109 1252 ιο
121 1211 263 1269 quaerere
284 1211 346 1251 non
367 1190 499 1269 potestis.
543 1194 585 1251 Vt
607 1186 686 1253 enim
712 1190 864 1254 neminem
886 1193 977 1253 alium
1000 1192 1057 1252 nisi
1079 1195 1115 1252 T.

125 1291 270 1363 Patinam,
291 1290 549 1350 familiarissimum
573 1312 668 1365 suurn,
691 1306 829 1370 rogasset,
853 1293 927 1353 scire
947 1291 1044 1369 potuit
1065 1291 1117 1350 illo

122 1389 189 1465 ipso
203 1389 252 1449 die
268 1388 393 1449 Lanuvii
407 1409 426 1449 a
439 1389 584 1450 dictatore
599 1389 715 1450 Milone
729 1391 815 1467 prodi
829 1391 980 1450 flaminem
994 1408 1117 1449 necesse

123 1504 204 1559 esse;
229 1485 282 1544 sed
303 1497 387 1545 erant
407 1485 547 1562 permulti
568 1486 625 1558 alii,
647 1507 683 1547 ex
704 1488 811 1564 quibus
832 1487 862 1547 id
883 1488 1022 1547 facillime
1042 1486 1116 1546 scire

122 1593 232 1659 posset.
278 1582 353 1642 Milo
369 1583 407 1643 de
427 1583 517 1645 Clodi
536 1584 632 1644 reditu
654 1586 734 1649 unde
749 1584 911 1661 quaesivit?
951 1582 1117 1660 Quaesierit

82 1700 194 1749 15sane
222 1679 335 1759 (videte
362 1680 434 1756 quid
462 1680 548 1740 vobis
571 1669 711 1758 largiar);
744 1702 859 1741 servom
888 1681 986 1754 etiam,
1016 1691 1049 1740 ut
1076 1682 1114 1756 Q.

124 1775 231 1849 Arrius,
255 1796 338 1836 meus
358 1776 479 1849 amicus,
502 1777 584 1848 dixit,
609 1777 778 1853 corruperit.
822 1762 925 1854 Legite
946 1776 1116 1836 testimonia

122 1873 241 1932 testium
262 1885 435 1933 vestrorum.
486 1872 568 1933 Dixit
591 1876 625 1935 C.
654 1874 810 1935 Causinius
839 1875 946 1935 Schola
974 1875 1116 1933 Interam-

123 1991 226 2041 nanus,
254 1970 495 2030 familiarissimus
524 1985 554 2031 et
581 1971 661 2032 idem
690 1992 791 2033 comes
819 1972 917 2043 Clodi,
945 1972 1029 2032 cuius
1057 1972 1115 2030 iam

123 2067 238 2146 pridem
258 2068 428 2129 testimonio
447 2069 571 2130 Clodius
592 2072 698 2131 eadem
719 2071 792 2129 hora
814 2072 1001 2131 Interamnae
1022 2073 1116 2130 suerat

81 2197 109 2224 «ο
122 2176 152 2225 et
167 2167 292 2236 Rornae,
309 2167 341 2223 P.
358 2165 500 2226 Clodium
515 2165 566 2226 illo
581 2167 631 2227 die
644 2165 675 2225 in
691 2169 810 2226 Albano
829 2187 1001 2227 mansurum
1016 2166 1113 2238 luisse,

123 2263 177 2321 sed
192 2260 290 2321 subito
304 2261 331 2321 ei
345 2281 411 2322 esse
428 2261 596 2322 nuntiatum
611 2265 722 2341 Cyrum
741 2264 934 2324 architectum
955 2285 1020 2325 esse
1041 2283 1116 2323 mor·

123 2371 215 2429 tuum,
231 2358 332 2434 itaque
353 2370 476 2436 repente
497 2362 627 2419 Romam
649 2360 837 2420 constituisse
858 2361 1003 2437 proficisci
1012 2382 1022 2435 3
1042 2361 1116 2422 dixit

122 2458 181 2516 hoc
205 2475 306 2516 comes
329 2454 400 2516 item
423 2459 455 2515 P.
480 2457 578 2531 Clodi,
603 2460 638 2519 C.
666 2458 798 2519 Clodius.
842 2461 961 2557 {5lest
996 2462 1114 2530 Videte,
1130 2459 1168 2517 4⁷

122 2553 244 2624 iudices,
259 2565 388 2631 quantae
402 2573 448 2614 res
461 2553 507 2614 his
522 2554 698 2616 testimoniis
712 2555 770 2616 sint
785 2539 947 2617 confecisse.
984 2556 1114 2617 Primum

81 2683 107 2721 25
121 2664 201 2712 certe
219 2651 455 2724 liberaturMilo
475 2672 538 2713 non
559 2673 596 2714 eo
612 2653 742 2737 vconsilio
763 2657 913 2731 profectus
934 2675 1007 2725 esse,
1022 2665 1055 2714 ut
1074 2655 1115 2713 in-

123 2748 278 2809 sidiaretur
298 2748 329 2807 in
350 2749 398 2808 via
419 2751 543 2824 Clodio;
566 2742 688 2828 quippe,
709 2751 734 2810 si
756 2751 805 2811 ille
826 2751 933 2812 obvius
954 2752 982 2812 ei
1000 2755 1113 2812 futurus

123 2847 247 2907 omnino
262 2867 324 2907 non
338 2858 407 2908 erat.
452 2847 571 2908 Deinde
586 2848 660 2928 (non
677 2850 756 2908 enim
770 2849 859 2909 video
873 2869 926 2909 cur
939 2868 999 2909 non
1015 2869 1114 2909 meum

123 2963 243 3029 quoque
264 2964 351 3023 agam
375 2946 541 3024 negotium)
562 2946 652 3018 scitis,
674 2946 795 3020 iudices,
820 2948 910 3008 luisse
933 2947 984 3024 qui
1005 2946 1037 3006 in
1058 2948 1115 3004 hac

121 3028 275 3119 rogatione¹
292 3043 455 3123 jsuadenda
479 3042 619 3117 dicerent,
644 3045 767 3104 Milonis
790 3065 879 3104 manu
904 3047 1027 3105 caedem
1050 3064 1131 3123 esse¹

81 3140 238 3210 plectam,
261 3137 386 3225 consilio
407 3159 477 3200 vero
498 3140 618 3227 maioris
639 3140 779 3213 alicuius;
802 3161 849 3200 me
871 3141 1008 3201 videlicet
1030 3143 1114 3200 latro

123 3253 192 3294 nem
214 3254 250 3294 ac
271 3225 406 3303 sicarium
428 3237 535 3296 abiecti
558 3236 696 3298 homines
718 3249 748 3298 et
768 3238 874 3315 perditi
897 3238 1110 3298 describebant.

122 3332 227 3392 la'c'ent
248 3333 308 3392 suis
329 3332 461 3405 testibus,
477 3334 528 3410 qui
552 3336 693 3397 Clodium
715 3347 824 3412 negant
846 3355 883 3395 eo
904 3335 953 3394 die
973 3337 1112 3406 Romam,

122 3429 178 3488 nisi
193 3430 231 3490 de
246 3431 326 3508 Cyro
339 3428 479 3503 audisset,
491 3431 580 3491 suisse
595 3432 765 3491 rediturum.
802 3431 964 3508 Respiravi,
976 3432 1114 3493 liberatus
