2430 3772
90 205 145 259 14²
334 186 426 247 PRO
452 187 637 248 MILONE
666 187 842 248 ORATIO.

87 324 112 364 et
123 311 215 362 tribuni
226 312 261 377 pl.
272 320 298 362 et
310 313 356 362 Cn
371 314 512 378 Pompeius,
526 315 568 379 qui
580 331 626 380 pro
637 315 738 366 consule
748 316 782 364 ad
792 316 879 364 urbem
889 321 951 375 erat,
963 312 1084 374 viderent,

87 394 119 428 ne
135 378 195 443 quid
212 378 354 427 detrimenti
371 394 410 428 res
426 379 527 443 publiea
542 388 650 444 caperet,
663 381 768 429 dilectus
783 388 866 429 antem
884 380 1017 444 Pompeius
1032 388 1088 428 tota

88 443 162 492 Italia
183 443 294 491 haberet.
328 443 380 505 Qui
400 459 457 492 cum
476 459 574 493 summa
592 445 886 520 celeritatepraesidium
908 452 1084 508 comparasset,

87 507 273 572 postulaverunt
291 508 360 571 apud
378 523 435 557 eum
454 507 574 558 familiam
594 509 706 568 Milonis,
725 522 785 558 rtem
805 510 912 559 Faustae
930 510 1014 558 uxoris
1034 509 1087 558 eius

87 572 253 621 exhibendam
268 571 319 620 duo
333 572 518 632 adulescentuli,
533 574 576 638 qui
590 574 670 638 Appii
685 573 786 623 Claudii
796 575 872 622 ambo
885 573 1084 638 appellabantur,

87 637 130 701 qui
150 642 220 685 erant
236 636 266 685 C.
286 637 377 685 Claudi
397 638 450 694 filii,
467 639 511 702 qui
527 639 602 688 frater
616 640 696 688 fuerat
713 638 797 699 Clodi,
816 646 841 687 et
858 639 892 688 ob
908 639 934 687 id
950 639 1032 702 patrui
1048 638 1088 687 sui

87 710 193 750 mortem
209 701 276 750 velut
292 709 393 751 auctore
408 710 479 766 patre
495 705 712 767 persequebantur.
748 704 857 752 Easdem
874 704 981 752 Faustae
996 710 1022 751 et
1037 702 1086 751 Mi-

88 767 152 814 lonis
163 765 269 814 familias
280 767 466 829 postulaverunt
476 768 527 816 duo
539 769 641 828 Valerii,
654 769 742 831 Nepos
753 776 778 817 et
789 769 851 827 Leo,
864 775 890 816 et
901 768 931 816 L.
943 767 1087 816 Herennius

88 830 189 880 Balbus.
223 830 252 878 P.
265 830 339 879 Clodi
353 847 452 896 quoque
467 832 586 881 familiam
603 841 629 882 et
644 833 762 881 comitum
778 833 831 882 eius
846 832 982 897 postulavit
997 831 1087 880 eodem

87 904 200 959 tempore
222 895 337 953 Caelius;
360 897 479 945 familiam
502 897 616 961 Hypsaei
638 905 662 946 et
685 898 718 960 Q.
741 897 846 960 Pompei
865 896 1086 961 postulavit...Ad·

86 959 186 1009 fuerunt
203 959 294 1008 Miloni
311 959 344 1023 Q.
357 960 515 1022 Hortensius,
535 964 573 1011 M.
586 963 683 1019 Cicero,
701 963 738 1011 Μ.
754 961 895 1021 Marcellus,
914 962 951 1009 M.
963 960 1084 1021 Calidius,

88 1024 126 1073 M.
146 1026 218 1084 Cato,
240 1025 345 1074 Faustus
364 1025 443 1074 Sulla.
476 1027 560 1075 Verba
578 1042 658 1090 pauca
677 1026 711 1088 Q.
730 1027 880 1076 Hortensius
898 1025 957 1074 fecit
974 1026 1086 1090 dixitque

88 1090 179 1139 liberos
200 1104 254 1138 esse
275 1104 328 1147 eos,
350 1089 393 1154 qui
414 1105 461 1154 pro
482 1092 559 1140 servis
580 1092 780 1154 postularentur;
803 1106 863 1139 nam
884 1097 941 1154 post
963 1103 1086 1139 recentem

87 1155 189 1204 caedem
207 1169 282 1202 manu
298 1154 399 1203 miserat
413 1170 457 1204 eos
473 1156 538 1204 Milo
553 1157 600 1205 sub
616 1157 663 1205 hoc
680 1156 760 1217 titulo,
777 1156 845 1220 quod
861 1161 937 1219 caput
952 1170 1025 1204 suum
1039 1155 1086 1203 ulti

39 1222 76 1280 36
89 1226 177 1268 essent.
220 1218 292 1267 Haec
314 1220 451 1282 agebantur
473 1236 558 1269 mense
577 1221 724 1270 intercalari.
764 1221 824 1270 Post
846 1220 913 1268 diem
935 1220 1086 1269 tricesimum

88 1284 139 1333 fere
156 1298 231 1347 quarn
250 1290 303 1332 erat
321 1283 425 1332 Clodius
442 1285 537 1334 occisus
555 1284 588 1346 Q.
607 1285 725 1334 Metellus
744 1284 829 1348 Scipio
846 1284 872 1332 in
890 1293 978 1333 senatu
999 1293 1087 1334 contra

88 1349 127 1398 Μ.
140 1350 253 1398 Caelium
269 1355 417 1411 conquestus
432 1356 470 1397 est
485 1348 579 1398 dehac
594 1351 672 1398 caede
689 1351 718 1399 P.
734 1349 824 1410 Clodi;
839 1349 928 1397 falsum
944 1364 998 1398 esse
1014 1349 1085 1405 dixit,

88 1414 156 1478 quod
168 1413 232 1461 Milo
243 1412 278 1461 sic
286 1427 313 1460 se
324 1412 475 1472 defenderet,
486 1420 513 1462 ut
524 1414 626 1462 insidias
636 1414 684 1463 sibi
692 1414 770 1464 factas
780 1429 833 1463 esse
843 1414 946 1462 diceret.
968 1414 1086 1463 Clodium

88 1477 205 1527 Aricinos
227 1478 371 1526 decuriones
392 1478 537 1542 alloquendi
554 1480 635 1542 gratia
653 1478 743 1539 abisse,
761 1479 901 1543 profectum
920 1493 977 1527 cum
995 1493 1039 1528 sex
1056 1493 1086 1527 ac

88 1543 177 1607 viginti
193 1542 284 1590 servis:
301 1541 424 1591 Milonem
439 1542 522 1591 subito
537 1553 594 1607 post
610 1544 698 1592 horam
709 1552 823 1608 quartam
838 1550 925 1592 senatu
939 1543 1015 1592 misso
1029 1558 1086 1592 cunt

89 1608 166 1656 servis
177 1608 283 1670 amplius
295 1607 411 1656 trecentis
425 1609 527 1657 armatis
538 1608 673 1658 obviamei
688 1607 844 1658 contendisse
855 1615 880 1657 et
891 1622 966 1672 supra
977 1607 1086 1656 Bovillas
1160 1657 1161 1661 ,

90 1673 261 1736 inopinantem
278 1671 305 1720 in
323 1672 411 1721 itinere
429 1688 571 1736 aggressum
577 1690 586 1734 3
607 1673 643 1722 ibi
662 1674 692 1722 P.
710 1672 829 1723 Clodium
847 1673 926 1722 tribus
944 1672 1087 1721 vulneribus

88 1738 197 1800 acceptis
208 1736 317 1786 Bovillas
330 1737 467 1800 perlatum;
484 1739 620 1798 tabernam,
633 1738 747 1802 inquam
761 1736 908 1801 perfugerat,
919 1745 1087 1801 expugnatam

88 1817 104 1851 a
116 1802 225 1861 Milone;
241 1801 411 1850 semianimem
426 1803 544 1851 Clodium
556 1805 695 1852 extractum
710 1818 740 1851 ex
755 1802 859 1851 taberna
872 1808 897 1850 et
912 1801 939 1850 in
949 1801 991 1850 via
1001 1801 1088 1866 Appia

89 1866 197 1915 occisum
213 1881 266 1914 esse
281 1866 432 1930 anulumque
446 1867 470 1916 ei
485 1868 600 1916 morienti
611 1868 764 1928 detractum3
779 1865 870 1915 deinde
886 1866 1017 1922 Milonem,
1029 1881 1087 1915 cum

89 1932 162 1980 sciret
172 1931 199 1978 in
210 1932 312 1979 Albano
324 1930 454 1994 parvulum
466 1931 548 1980 filium
560 1932 643 1993 Clodi,
657 1932 754 1981 venisse
768 1931 801 1980 ad
811 1931 905 1990 uillam,
919 1938 944 1980 et
958 1947 1016 1980 cnm
1026 1945 1088 1994 puer

89 2006 148 2044 ante
163 1996 303 2044 subtractus
318 2004 391 2055 esset,
409 2011 439 2044 ex
458 2011 530 2045 servo
548 1997 666 2046 Halicore
682 1996 852 2060 quaestionem
867 1996 904 2044 ita
918 1995 1042 2056 habuisse,
1059 2003 1088 2045 ut

89 2076 147 2108 eum
157 2059 305 2108 articulatim
316 2068 475 2108 consecarent
481 2077 489 2121 ;
502 2059 602 2110 vilicum
610 2068 639 2110 et
649 2061 713 2110 duos
721 2068 848 2126 praeterea
858 2075 942 2109 servos
950 2060 1087 2124 iugulasse;

89 2141 120 2173 ex
137 2125 214 2173 servis
233 2122 313 2184 Clodi,
333 2124 376 2188 qui
394 2125 523 2173 dominum
541 2125 704 2186 defenderint,
723 2125 840 2174 undecim
858 2140 912 2174 esse
930 2124 1072 2174 interfectos
1078 2142 1087 2185 ς

91 2189 194 2237 Milonis
209 2188 273 2237 duos
289 2188 356 2238 solos
371 2189 467 2238 saucios
483 2190 561 2240 factos
577 2205 646 2251 esse;
661 2189 696 2238 ob
712 2205 777 2254 quae
792 2189 915 2239 Milonem
931 2196 1031 2254 postero
1046 2189 1088 2238 die

90 2254 222 2302 duodecim
233 2269 324 2314 servos,
356 2254 381 2303 ui
391 2255 499 2304 maxime
513 2270 615 2320 operam
629 2263 769 2311 navassent,
780 2269 856 2303 manu
865 2253 971 2311 misisse,
982 2253 1088 2318 populo·

92 2334 140 2383 que
151 2319 262 2367 tributim
277 2320 348 2382 singu
388 2319 458 2368 milia
467 2319 531 2369 aeris
545 2321 578 2369 ad
592 2319 762 2370 defendendos
776 2319 846 2368 dese
860 2333 971 2367 rumores
981 2319 1087 2368 dedisse.

43 2378 79 2437 37
93 2384 156 2432 Milo
168 2383 262 2432 misisse
273 2384 306 2432 ad
315 2385 361 2434 Cn.
373 2384 664 2448 Pompeiumdicebatur,
675 2385 718 2449 qui
727 2384 847 2448 Hypsaeo
853 2399 954 2432 summe
964 2383 1087 2440 studebat,

91 2449 160 2512 quod
177 2448 256 2498 fuerat
274 2449 327 2498 eius
345 2458 469 2513 quaestor,
487 2450 605 2499 desistere
623 2465 650 2499 se
667 2449 786 2514 petitione
801 2448 955 2508 consulatus,
974 2448 995 2496 si
1014 2449 1048 2497 ita
1065 2448 1088 2497 ei

90 2513 233 2574 videretur3
260 2512 408 2577 Pompeium
429 2515 592 2578 respondisse,
613 2514 709 2567 nemini
730 2528 757 2563 se
778 2527 859 2576 neque
880 2513 982 2576 petendi
1007 2527 1088 2576 neque

91 2578 227 2627 desistendi
241 2586 367 2627 auctorem
381 2593 442 2638 esse,
455 2594 537 2642 neque
551 2579 638 2654 populi
651 2580 759 2627 Romani
773 2584 921 2642 potestatem
932 2585 975 2627 aut
984 2577 1089 2626 consilio

92 2648 136 2691 aut
152 2643 274 2691 sententia
291 2641 511 2707 interpellaturum.
546 2643 646 2693 Deinde
665 2658 710 2708 per
724 2643 759 2692 C.
776 2642 907 2701 Lucilium,
927 2641 971 2706 qui
988 2652 1090 2706 propter

93 2708 130 2756 M.
140 2706 267 2756 Ciceronis
279 2707 469 2756 familiaritatem
481 2707 575 2757 amicus
582 2717 635 2758 erat
643 2707 743 2766 Miloni,
751 2707 831 2770 egisse
840 2722 939 2771 quoque
949 2707 1086 2767 dicebatur,

92 2787 125 2821 ne
135 2787 162 2820 se
173 2773 204 2820 de
215 2771 262 2820 hac
273 2787 299 2820 re
310 2771 462 2821 consulendo
472 2772 566 2821 invidia
576 2780 697 2822 oneraret.

142 2837 213 2884 Inter
222 2835 284 2884 haec
292 2851 351 2885 cum
365 2837 529 2886 crebresceret
539 2853 623 2886 rumor
634 2839 680 2887 Cn.
694 2837 840 2901 Pompeium
851 2835 929 2886 creari
942 2836 1089 2885 dictatorem

92 2910 207 2965 oportere
221 2915 302 2963 neque
309 2900 384 2949 aliter
398 2900 465 2948 mala
479 2901 586 2950 civitatis
600 2902 680 2951 sedari
691 2917 771 2965 posse,
785 2903 865 2951 visum
880 2909 917 2950 est
928 2900 1090 2965 optimatibus

93 2967 169 3014 tutius
186 2979 239 3013 esse
258 2979 315 3013 eum
333 2964 460 3014 consulem
477 2966 530 3014 sine
547 2966 643 3028 collega
660 2967 745 3023 creari,
761 2975 787 3016 et
804 2981 861 3016 cum
880 2972 985 3014 tractata
1002 2980 1032 3014 ea
1050 2980 1090 3014 res

93 3040 156 3079 esset
167 3029 194 3077 in
205 3037 298 3088 senatu,
308 3028 375 3077 facto
386 3029 412 3077 in
424 3029 461 3077 M.
471 3029 555 3078 Bibuli
565 3031 712 3080 sententiam
724 3039 822 3080 senatus
829 3029 947 3080 consulto
956 3029 1090 3093 Pompeius

93 3096 126 3143 ab
145 3095 267 3157 interrege
283 3093 371 3143 Servio
387 3093 499 3157 Sulpicio
514 3105 542 3143 v.
558 3094 619 3143 Kal.
637 3097 713 3153 Mart.
731 3110 816 3144 mense
829 3093 988 3143 intercalario
1003 3093 1090 3142 consul

93 3168 190 3209 creatus
207 3166 245 3207 est
260 3158 392 3222 statimque
407 3159 564 3208 consulatum
579 3159 643 3207 iniit.
676 3158 775 3209 Deinde
791 3167 848 3225 post
862 3159 928 3207 diem
944 3158 1043 3207 tertium
1057 3158 1090 3206 de

93 3223 190 3287 legibus
207 3223 278 3273 novis
294 3223 401 3272 ferendis
415 3221 526 3272 rettulit:
545 3223 607 3271 duas
620 3237 653 3272 err
669 3231 768 3273 senatus
783 3224 897 3273 consulto
912 3221 1087 3287 promulgavit,

93 3288 197 3336 alteram
209 3288 241 3337 de
251 3289 284 3348 vi,
295 3303 345 3352 qua
356 3288 503 3336 nominatim
514 3288 616 3336 caedem
627 3287 653 3335 in
664 3289 750 3352 Appia
759 3288 801 3337 via
811 3289 901 3336 factam
913 3297 937 3336 et
948 3287 1091 3336 incendium

95 3353 176 3402 euriae
198 3362 223 3402 et
244 3352 348 3401 domum
369 3353 408 3401 M.
430 3352 521 3416 Lepidi
541 3351 672 3416 interregis
696 3360 866 3417 oppugnatam
892 3351 1088 3415 comprehendit,

94 3415 198 3465 alteram
209 3417 241 3466 de
252 3417 356 3474 ambitu,
366 3432 449 3481 poena
461 3416 575 3480 graviore
590 3424 615 3465 et
626 3416 705 3466 forma
718 3417 866 3466 iudiciomm
880 3417 1007 3474 breviore;
1024 3423 1090 3464 utra·

87 3495 141 3540 que
160 3482 230 3529 emin
246 3480 289 3530 lex
304 3482 377 3545 prius
395 3487 471 3531 testes
489 3481 551 3537 dari,
569 3480 660 3530 deinde
678 3497 729 3531 uno
748 3482 789 3531 die
808 3488 883 3544 atque
902 3480 991 3529 eodem
1010 3485 1036 3528 et
1057 3481 1091 3528 ab

94 3707 117 3731 A
