2430 3772
121 195 185 252 XII
201 189 253 274 33]
362 192 453 253 PRO
480 194 664 253 MILONE
696 193 872 254 ORATIO.
1077 212 1114 271 37

120 323 262 384 iudicium
272 323 362 395 venit,
374 324 431 383 nisi
444 336 510 385 uter
524 323 581 384 utri
595 323 717 384 insidias
732 323 856 384 fecerit?
876 326 1015 384 Profecto
1030 325 1103 385 nihil
1108 349 1117 403 ;

121 422 145 482 si
159 421 208 482 hic
221 421 271 493 illi,
284 432 317 481 ut
331 440 369 481 ne
384 420 420 480 sit
434 419 557 498 impune
562 443 573 497 3
595 421 621 482 si
634 421 684 482 ille
699 419 777 493 huic,
789 431 822 481 ut
832 424 943 482 scelere
958 422 1116 481 solvamur.

121 607 154 681 ἐξ
175 607 288 667 32-34.
326 607 450 666 (llodius
469 607 532 667 bad
554 608 645 666 much
665 611 701 667 to
724 609 797 676 gain
820 609 863 677 by
884 608 985 668 Mllo's
1008 609 1119 679 doatb;

187 693 264 751 Milo
276 695 332 750 not
348 693 422 762 only
433 693 544 761 gatnoo
559 695 689 762 nothing
703 694 812 763 bytho
828 694 924 752 death
940 695 974 754 ot
987 695 1117 766 (llodlus,

187 779 245 836 but
257 792 322 837 was
333 779 472 847 actually
483 796 503 838 a
514 780 602 839 loson.

167 895 308 971 Quonam
324 893 410 970 igitur
423 905 512 971 pacto
523 895 641 971 probari
652 906 751 972 potest
765 895 887 956 insidias
899 895 1007 956 Miloni
1017 894 1121 957 secisse
1135 897 1171 954 32

118 993 282 1056 Clodium?
312 991 389 1053 Satis
408 1003 453 1052 est
470 992 501 1052 in
519 993 571 1052 illa
588 993 711 1070 quidem
725 1004 788 1054 tam
801 993 917 1067 audaci,
933 1005 995 1054 tam
1009 992 1120 1052 nefaria

92 1122 104 1160 5
119 1090 208 1150 belua
221 1091 330 1150 docere
345 1109 484 1167 magnam
499 1087 526 1149 ei
540 1109 824 1186 causamhrnagnam
840 1110 923 1168 spem
943 1089 975 1149 in
995 1088 1119 1149 Milonis

119 1201 215 1249 morte
235 1168 429 1264 propbsitam,
451 1207 573 1265 magnas
599 1184 740 1248 utilitates
766 1187 863 1249 fuisse.
915 1190 1022 1266 Itaque
1045 1187 1119 1247 illud

120 1286 305 1358 Cassianum,
321 1284 370 1345 cui
384 1287 466 1345 bono
481 1284 577 1358 fuerit,
592 1284 623 1343 in
637 1285 684 1346 his
700 1285 834 1363 personis
852 1288 959 1360 valeat,
974 1285 1029 1346 etsi
1046 1283 1119 1344 boni

119 1386 202 1444 nullo
222 1384 426 1444 emolumento
447 1385 639 1461 impelluntur
659 1383 690 1443 in
712 1383 854 1457 fraudem,
876 1382 1006 1461 improbi
1027 1401 1118 1459 saepe

118 1502 219 1560 parvo.
264 1481 357 1559 Atqui
373 1482 489 1541 Milone
500 1480 655 1541 interfecto
667 1481 794 1543 Clodius
804 1482 879 1542 haec
890 1482 1117 1559 adsequebatur,

76 1617 102 1642 ιο
117 1602 180 1641 non
205 1582 297 1642 modo
322 1591 356 1640 ut
380 1592 499 1657 praetor
524 1591 602 1640 esset
623 1600 685 1640 non
707 1600 743 1640 eo
765 1582 896 1653 consule,
919 1599 980 1658 quo
1001 1579 1118 1639 sceleris

108 1679 214 1737 ,facere
234 1676 308 1736 nihil
335 1688 445 1754 posset,
469 1678 524 1736 sed
552 1676 642 1735 etiam
671 1686 704 1734 ut
732 1674 774 1735 eis
803 1673 974 1735 consulibus
1002 1687 1119 1753 praetor

117 1786 203 1847 esset,
229 1775 339 1851 quibus
365 1773 390 1834 si
417 1794 480 1833 non
501 1773 719 1847 adiuvantibus,
742 1784 773 1833 at
800 1772 1007 1833 coniventibus
1028 1785 1117 1847 certe,

117 1882 248 1950 speraret
268 1891 300 1932 se
321 1891 411 1949 posse
433 1872 552 1931 eludere
573 1870 604 1929 in
625 1870 682 1931 illis
708 1870 769 1930 suis
795 1869 932 1948 cogitatis
956 1871 1116 1944 furoribus;

116 1969 201 2030 cuius
228 1968 271 2029 illi
298 1980 433 2042 conatus,
462 1980 496 2030 ut
522 1970 587 2046 ipse
617 1969 857 2043 ratiocinabatur,
886 1989 944 2031 nec
976 1980 1117 2046 cuperent

74 2099 99 2138 15
114 2065 281 2144 reprimere,
297 2065 322 2126 si
341 2079 474 2145 possent,
491 2087 561 2127 cum
580 2078 695 2128 tantum
712 2068 892 2128 beneficium
909 2067 937 2128 ei
957 2088 988 2127 se
1007 2069 1117 2128 debere

115 2163 332 2237 arbitrarentur,
356 2173 394 2234 et,
421 2162 445 2223 si
469 2165 589 2237 vellent,
615 2167 738 2226 sortasse
763 2167 812 2225 vix
837 2177 959 2243 possent
984 2167 1117 2241 frangere

115 2258 245 2319 hominis
260 2260 478 2320 sceleratissimi
489 2264 711 2321 corroboratam
723 2263 782 2321 iam
793 2273 940 2322 vetustate
951 2262 1114 2322 audaciam.

114 2359 164 2415 An
189 2375 269 2428 vero,
294 2355 417 2428 iudices,
439 2376 493 2416 vos
518 2356 574 2417 soli
599 2356 749 2434 ignoratis,
771 2377 825 2417 vos
850 2356 982 2433 hospites
1008 2357 1038 2417 in
1063 2360 1119 2417 hac
1133 2360 1170 2418 33

115 2457 189 2513 urbe
203 2453 383 2514 versamini?
414 2456 539 2514 Vestrae
553 2454 776 2532 peregrinantur
790 2475 874 2515 aures
894 2474 992 2532 neque
1011 2455 1041 2513 in
1058 2457 1117 2515 hoc

72 2585 100 2612 ω
112 2563 273 2629 pervagato
295 2549 420 2611 civitatis
450 2571 587 2613 sermone
615 2565 776 2627 versantur,
799 2573 873 2630 quas
901 2554 952 2613 ille
979 2555 1069 2630 leges,
1091 2552 1116 2614 si

114 2651 195 2727 leges
214 2648 417 2709 nominandae
436 2661 506 2709 sunt
523 2670 559 2710 ac
573 2670 636 2709 non
650 2652 729 2710 faces
744 2649 832 2723 urbis,
847 2662 948 2728 pestes
962 2651 1004 2710 rei
1019 2649 1115 2728 publi-

114 2767 178 2820 cae,
208 2747 295 2808 fuerit
321 2747 512 2826 impositurus
540 2748 628 2808 nobis
656 2747 796 2809 omnibus
825 2758 914 2826 atque
947 2748 1117 2807 inusturus?

116 2845 241 2918 Exhibe,
258 2845 372 2918 exhibe,
394 2865 515 2923 quaes0,
530 2848 619 2906 Sexte
639 2847 737 2921 Clodi,
753 2847 904 2906 librarium
923 2847 997 2905 illud
1016 2847 1115 2923 legum

113 2956 286 3018 vestrarum,
310 2945 393 3019 quod
414 2955 444 3003 te
465 2943 547 3004 aiunt
569 2943 710 3020 eripuisse
736 2965 753 3003 e
777 2945 869 3005 domo
894 2955 924 3004 et
949 2964 985 3003 ex
1009 2942 1115 3003 mediis

70 3074 97 3111 25
112 3038 202 3100 armis
221 3041 367 3117 turbaque
385 3051 531 3100 nocturna
552 3052 705 3117 tamquam
727 3040 892 3100 Palladium
915 3039 1061 3110 extulisse,
1082 3050 1114 3097 ut

113 3140 299 3216 praeclarum
314 3137 453 3198 videlicet
468 3157 575 3197 munus
590 3150 680 3215 atque
699 3139 927 3198 instrumentum
949 3138 1115 3196 tribunatus

113 3235 154 3295 ad
178 3234 318 3312 aliquem,
340 3234 365 3295 si
385 3247 512 3295 nanctus
534 3256 622 3310 esses,
646 3235 698 3313 qui
719 3247 770 3295 tuo
791 3234 911 3295 arbitrio
932 3234 1114 3293 tribunatum

112 3346 236 3411 gereret,
252 3335 365 3394 deferre
383 3354 493 3410 posses.
539 3337 577 3393 Et
591 3333 729 3410 adspexit
741 3353 790 3393 me
805 3332 860 3392 illis
874 3332 995 3409 quidem
1011 3331 1113 3404 oculis,

112 3429 223 3508 quibus
235 3441 298 3491 tum
309 3431 433 3504 solebat,
446 3450 514 3489 cum
526 3430 664 3490 omnibus
676 3432 777 3491 onmia
792 3430 966 3490 minabatur.
1010 3430 1121 3486 Movet
