2430 3772
131 232 170 290 30
507 207 754 269 CICERONIS
1027 201 1069 286 [V
1087 225 1121 281 ¹3
1192 258 1195 263 ,

130 364 190 405 non
215 352 259 402 est
283 341 392 417 iniqua,
416 359 578 415 numquam
604 353 704 399 tamen
729 349 849 399 senatus
876 335 1121 398 constituendam

129 439 241 520 putavit
251 462 260 514 ;
281 449 364 498 erant
384 438 464 498 enim
486 439 574 514 leges,
588 450 671 496 erant
692 435 880 512 quaestiones
899 436 946 494 vel
968 436 1006 495 de
1027 435 1122 495 caede

129 540 176 599 vel
198 537 236 596 de
256 535 294 611 vi,
315 555 372 594 nec
393 546 508 594 tanturn
530 553 695 595 maerorem
716 553 752 592 ac
772 535 884 592 luctum
907 532 1022 594 senatui
1043 553 1123 596 mors

131 637 163 694 P.
185 631 274 695 Clodi
287 634 438 693 adferebat
454 645 486 693 ut
505 652 584 692 nova
598 631 733 709 quaestio
751 630 986 693 constitueretur.
1029 632 1123 693 Cuius

130 730 209 793 enim
234 731 273 791 de
293 730 345 790 illo
370 730 484 791 incesto
509 720 620 807 stupro'
635 729 778 789 iudicium
802 727 984 789 decernendi
1008 728 1151 799 senatuis

129 841 260 908 potestas
281 838 359 888 esset
380 839 489 905 erepta,
511 828 551 887 de
571 826 635 887 eius
654 825 773 886 interitu
796 824 861 902 quis
883 836 982 903 potest
1003 827 1124 886 credere

130 937 265 986 senatum
294 923 436 983 iudicium
464 943 573 983 novom
602 923 844 984 constituendum
872 925 1014 999 putasse?
1063 925 1125 984 Cur

130 1023 218 1102 igitur
232 1022 404 1083 incendium
418 1021 524 1093 curiae,
541 1020 797 1099 oppugnationem
812 1020 929 1081 aedium
947 1023 989 1080 M.
1006 1019 1123 1096 Lepidi,

130 1123 254 1182 caedem
275 1120 353 1179 hanc
374 1121 468 1196 ipsam
489 1131 593 1180 contra
613 1139 674 1180 rem
695 1119 846 1197 publicam
872 1131 991 1179 senatus
1014 1120 1123 1178 factam

131 1239 196 1281 esse
210 1218 363 1279 decrevit?
393 1219 473 1294 Quia
486 1220 568 1278 nulla
582 1219 625 1278 vis
639 1239 782 1296 umquam
797 1228 842 1279 est
856 1217 886 1277 in
901 1218 992 1279 libera
1006 1218 1125 1278 civitate
1140 1250 1165 1278 ιο

77 1319 115 1379 14
128 1331 264 1395 suscepta
278 1317 354 1378 inter
372 1317 444 1376 civis
463 1337 524 1377 non
544 1329 647 1377 contra
665 1337 725 1378 rern
746 1316 906 1393 publicam.
950 1318 1021 1377 Non
1043 1316 1122 1376 enim

130 1427 175 1476 est
189 1415 238 1473 illa
253 1414 386 1474 defensio
401 1427 504 1475 contra
514 1413 574 1473 vim
590 1434 729 1491 umquam
745 1416 884 1490 optanda,
897 1415 950 1473 sed
965 1433 1027 1474 non
1041 1433 1124 1473 num-

131 1533 218 1592 quam
240 1522 285 1572 est
306 1511 488 1585 necessaria3
508 1510 565 1571 nisi
580 1530 650 1572 vero
672 1522 723 1570 aut
744 1510 793 1570 ille
814 1510 886 1582 dies,
904 1530 966 1588 quo
987 1510 1124 1571 Tiberius

131 1611 282 1671 Gracchus
306 1619 352 1668 est
375 1628 488 1682 caesus,
512 1620 563 1668 aut
588 1608 646 1682 ille,
670 1628 732 1685 quo
757 1609 859 1681 Gaius,
882 1619 933 1668 aut
958 1628 1019 1686 quo
1043 1628 1125 1669 arma

131 1707 288 1780 Saturnini,
302 1707 391 1767 etiarn
403 1706 427 1767 si
439 1706 636 1784 erepublica,
650 1725 792 1783 oppressa
804 1717 881 1777 sunt,
896 1725 958 1766 rem
973 1705 1125 1783 publicam
1141 1737 1164 1774 ις

131 1816 231 1864 tamen
245 1823 306 1863 non
322 1805 520 1864 volnerarunt.
562 1804 616 1862 VI.
649 1805 755 1887 Itaque
770 1821 826 1879 ego
841 1801 905 1880 ipse
917 1802 1042 1875 decrevi,
1055 1821 1124 1862 cum

130 1902 254 1960 caedem
278 1899 309 1959 in
331 1900 429 1977 Appia
451 1903 558 1960 factam
581 1920 645 1961 esse
666 1890 824 1972 constaret,
847 1919 908 1960 non
930 1919 999 1960 eum
1020 1898 1071 1976 qui
1093 1919 1124 1961 se

130 1997 311 2058 defendisset
325 2011 429 2057 contra
444 2017 505 2058 rem
520 1997 670 2074 publicam
684 1997 798 2069 fecisse,
815 1997 876 2071 sed,
889 2017 957 2056 cum
972 1996 1080 2057 inesset
1095 1995 1125 2056 in

130 2095 255 2156 reviset
269 2095 403 2166 insidiae,
413 2095 524 2155 crimen
536 2095 646 2154 iudicio
658 2094 811 2166 reservavi,
822 2114 883 2154 rem
894 2093 1002 2154 notavi.
1033 2094 1125 2169 Quod

131 2194 156 2253 si
175 2212 227 2270 per
248 2193 388 2252 furiosum
409 2193 492 2252 illum
511 2193 660 2253 tribunum
678 2191 794 2252 senatui
808 2193 890 2268 quod
904 2191 1052 2251 sentiebat
1065 2210 1127 2268 per·
1142 2222 1166 2250 ω

131 2293 219 2351 ficere
246 2290 385 2362 licuisset,
414 2310 522 2350 novam
551 2289 756 2367 quaestionem
785 2291 896 2347 nullam
929 2290 1124 2363 haberemus;

132 2388 311 2450 decernebat
332 2388 411 2449 enim
433 2400 466 2448 ut
486 2388 635 2448 veteribus
654 2387 776 2464 legibus,
797 2397 913 2446 tantum
932 2386 1025 2447 modo
1046 2398 1126 2447 extra

132 2486 267 2546 ordinem
279 2497 475 2563 quaereretur.
507 2485 609 2545 Divisa
621 2485 768 2546 sententia
782 2495 827 2544 est
841 2485 1010 2560 postulante
1024 2484 1126 2544 nescio

132 2602 193 2660 quo
209 2583 295 2662 (nihil
310 2584 389 2644 enim
403 2602 525 2643 necesse
545 2593 589 2642 est
608 2582 743 2642 omnium
764 2600 814 2642 me
836 2580 945 2659 flagitia
965 2581 1108 2662 proferre)
1117 2605 1126 2658 3

133 2680 175 2741 sic
189 2680 302 2757 reliqua
311 2679 471 2740 auctoritas
482 2693 602 2740 senatus
613 2691 715 2757 empta
724 2677 936 2740 intercessione
946 2672 1063 2739 sublata
1074 2672 1126 2740 est,
1142 2711 1165 2748 ας

133 2872 165 2946 §i
179 2875 289 2934 15-aa
316 2875 379 2933 Nor
390 2875 447 2933 has
458 2877 590 2943 Pompey
601 2875 692 2943 given
706 2889 768 2943 any
779 2873 909 2942 opinion.
939 2875 1002 2933 Not
1014 2890 1128 2935 sorrow

201 2963 249 3019 for
264 2961 393 3032 Olodius,
406 2962 463 3020 bui
478 2962 533 3020 the
548 2962 785 3019 circumstances
797 2961 832 3020 of
840 2962 894 3020 ihc
905 2963 988 3033 time,
1002 2962 1053 3020 led
1064 2961 1129 3020 him

201 3051 236 3106 io
253 3048 401 3118 lonclare,
414 3049 476 3106 and
493 3048 532 3106 he
547 3047 636 3105 chose
654 3047 702 3106 ior
713 3048 768 3106 the
784 3051 871 3107 court
887 3064 957 3107 men
968 3049 1037 3107 who
1048 3064 1129 3107 were

202 3136 320 3194 cortun
332 3138 367 3194 to
379 3135 418 3194 do
426 3135 549 3203 justice

81 3265 117 3324 15
192 3267 233 3325 At
258 3267 337 3325 enim
364 3267 420 3327 Cn.
443 3263 604 3341 Pompeius
629 3264 782 3342 rogatione
802 3285 856 3326 sua
875 3276 906 3327 et
926 3265 965 3326 de
985 3284 1017 3325 re
1037 3276 1067 3326 et
1088 3268 1128 3329 de

134 3380 224 3420 causa
245 3360 405 3434 iudicavit3
433 3363 500 3422 tulit
521 3361 601 3422 enim
622 3364 661 3423 de
681 3365 782 3434 caede,
805 3383 883 3441 quae
907 3363 937 3423 in
965 3361 1062 3439 Appia
1081 3365 1129 3425 via

135 3459 214 3518 facta
234 3472 318 3531 esset,
340 3459 371 3519 in
392 3479 453 3537 qua
473 3463 506 3522 P.
529 3461 655 3522 Clodius
679 3461 795 3523 occisus
819 3472 905 3523 esset.
947 3460 1031 3536 Quid
1059 3480 1129 3538 ergo
