2430 3772
133 177 171 230 42
499 157 744 216 CICERONIS
984 152 1073 238 [XVI
1087 176 1127 230 42

133 307 280 348 rumorem
301 305 442 359 veremur,
462 287 593 345 fabulam
613 288 718 345 falsam
740 288 839 345 fictam
859 287 955 346 levem
978 288 1129 364 perhorre-

133 386 251 452 scimus,
267 404 319 444 ora
332 383 464 467 omnium
479 396 569 458 atque
584 385 689 442 oculos
703 383 861 443 intuemur.
898 383 982 442 Nihil
992 396 1037 445 est
1046 384 1128 445 enim

133 494 192 541 tam
212 483 309 554 molle,
325 493 386 540 tam
409 492 549 552 tenerum,
565 491 625 539 tam
645 491 696 539 aut
711 482 811 558 fragile
828 491 879 540 aut
893 480 1021 542 flexibile
1036 500 1128 558 quam

133 571 269 639 voluntas
283 599 352 656 erga
365 598 421 638 nos
440 598 604 654 sensusque
623 578 740 652 civium,
756 577 807 654 qui
826 599 887 638 non
905 580 997 639 modo
1019 579 1128 656 impro-

133 675 219 736 bitati
246 676 409 735 irascuntur
436 676 670 746 candidatorum,
692 676 746 735 sed
774 676 864 735 etiam
885 677 916 736 in
943 689 1023 738 recte
1043 675 1156 747 factis5

79 775 117 834 43
131 794 220 851 saepe
234 774 395 834 fastidiunt.
441 777 533 861 Hunc
547 773 730 865 igiturdiem
750 773 848 850 campi
865 787 1016 850 speratum
1037 785 1127 850 atque

134 884 305 950 exoptatum
320 873 377 932 sibi
391 870 568 949 proponens
579 866 655 931 Milo
669 872 799 931 cruentis
817 871 965 943 manibus,
980 872 1077 930 scelus
1098 883 1128 931 et

133 970 246 1029 lacinus
265 989 336 1046 prae
355 990 386 1030 se
405 972 500 1030 serens
519 982 549 1030 et
566 971 720 1039 confitens,
736 971 775 1029 ad
793 968 843 1028 illa
860 981 985 1046 augusta
1004 968 1128 1028 centuri·

134 1087 217 1126 arum
231 1066 361 1144 auspicia
375 1067 529 1128 veniebat?
571 1068 670 1142 Quam
692 1069 751 1126 hoc
772 1087 833 1127 non
853 1067 994 1127 credibile
1013 1066 1044 1125 in
1060 1067 1127 1134 hoc,

134 1185 224 1242 quam
245 1165 325 1224 idem
346 1164 377 1224 in
399 1164 508 1226 Clodio
530 1184 591 1223 non
612 1162 823 1236 dubitandum,
838 1184 906 1223 cunr
927 1184 959 1224 se
979 1162 1169 1224 illeinter·10

134 1264 212 1321 secto
228 1261 342 1321 Milone
356 1275 544 1339 regnaturum
559 1267 689 1338 putaret!
726 1261 829 1336 Quid?
865 1263 957 1338 Quod
972 1271 1064 1338 caput
1083 1273 1129 1321 est

134 1358 285 1434 audaciae,
313 1360 435 1430 iudices,
456 1360 522 1438 quis
544 1359 658 1436 ignorat
683 1360 842 1419 maximam
864 1360 1129 1420 illecebraui'esse

135 1456 279 1532 peccandi
294 1455 476 1532 impunitatis
491 1460 598 1533 spem?
638 1459 674 1516 In
693 1470 760 1517 utro
779 1456 867 1534 igitur
883 1459 959 1517 haec
973 1457 1049 1518 suit?
1090 1459 1127 1516 In

136 1552 259 1626 Milone,
284 1554 334 1630 qui
362 1554 451 1614 etiam
480 1574 560 1614 nunc
581 1574 647 1615 reus
671 1567 716 1616 est
739 1557 808 1616 lacti
831 1566 882 1615 aut
906 1553 1049 1631 praeclari
1076 1566 1129 1613 aut

133 1662 212 1712 certe
233 1651 397 1725 necessarii,
420 1671 458 1711 an
480 1652 509 1711 in
532 1653 649 1722 Clodio,
669 1651 719 1729 qui
744 1652 785 1712 ita
804 1651 914 1711 iudicia
938 1670 1129 1727 poenamque
1145 1681 1168 1719 ις

135 1765 361 1828 contempserat,
374 1765 406 1812 ut
421 1773 489 1812 eum
504 1754 578 1813 nihil
592 1755 761 1824 delectaret,
774 1756 856 1830 quod
869 1765 920 1813 aut
931 1772 984 1829 per
994 1764 1129 1812 naturam

135 1851 178 1908 sas
193 1862 270 1909 esset
283 1863 334 1908 aut
349 1870 401 1927 per
415 1852 495 1926 leges
509 1849 629 1910 liceret?

134 2046 166 2119 ἕξ
179 2047 291 2106 44-51.
329 2047 452 2105 (hodius
462 2049 524 2105 had
536 2049 720 2106 threatened
732 2048 805 2106 that
817 2048 894 2106 Milo
907 2047 1016 2106 should
1029 2047 1079 2104 die
1091 2063 1131 2105 on

200 2133 273 2190 that
294 2149 369 2200 very
390 2135 451 2201 day
468 2134 557 2192 when
577 2134 633 2191 the
653 2135 723 2202 sray
742 2136 818 2191 took
839 2133 932 2200 place.
970 2133 1017 2191 He
1038 2133 1130 2191 knew

200 2219 273 2277 well
283 2219 384 2276 where
396 2222 430 2275 to
442 2222 523 2276 meet
536 2219 630 2288 Milo;
648 2220 725 2279 Milo
743 2219 832 2277 could
848 2223 904 2277 not
919 2221 999 2278 have
1015 2221 1129 2278 known

200 2306 302 2363 where
313 2309 347 2362 to
359 2305 416 2363 fall
428 2307 461 2363 in
474 2305 553 2363 with
564 2306 636 2364 him.
719 2295 723 2303 ’

79 2425 119 2484 44
192 2429 251 2487 Sed
268 2426 340 2505 quid
360 2448 415 2505 ego
434 2431 645 2506 argumentor?
688 2428 771 2504 Quid
788 2430 872 2504 plura
886 2427 1031 2504 disputo?
1072 2430 1127 2500 Te,

135 2525 172 2600 Q.
197 2524 291 2598 Petili,
314 2527 441 2602 appello,
464 2525 608 2602 optimum
631 2537 661 2586 et
682 2527 873 2586 fortissimum
894 2525 989 2585 civem
996 2547 1004 2598 ;
1025 2537 1065 2597 te,
1084 2528 1128 2585 M.

134 2624 221 2694 Cat0,
237 2633 337 2696 testor,
352 2642 427 2699 quos
450 2622 521 2681 mihi
536 2623 635 2684 divina
650 2625 797 2701 quaedam
820 2643 882 2682 sors
904 2623 987 2683 dedit
1008 2623 1128 2683 iudices.
1146 2656 1173 2682 20

134 2720 197 2778 Vos
218 2737 255 2777 ex
277 2720 319 2777 M.
344 2718 477 2778 Favonio
497 2719 630 2791 audistis
649 2720 790 2780 Clodium
812 2717 867 2778 sibi
888 2719 1006 2791 dixisse,
1029 2730 1059 2780 et
1080 2739 1130 2779 au·

135 2815 219 2875 distis
237 2815 305 2875 vivo
324 2815 441 2888 Clodio,
457 2816 618 2892 periturum
641 2817 788 2877 Milonem
807 2816 912 2876 triduo.
956 2819 1029 2876 Post
1049 2816 1130 2876 diem

135 2911 253 2971 tertium
266 2925 350 2989 gesta
364 2933 410 2972 res
425 2925 470 2972 est
485 2932 575 2988 quarn
589 2914 709 2972 dixerat.
756 2914 832 2974 Cum
848 2912 896 2971 ille
911 2932 973 2972 non
988 2911 1131 2973 dubitarit

135 3008 246 3085 aperire
267 3009 340 3085 quid
361 3008 513 3087 cogitaret,
535 3028 588 3068 vos
613 3011 739 3086 potestis
760 3008 895 3069 dubitare
919 3009 991 3084 quid
1010 3009 1132 3070 lecerit?

81 3103 119 3163 45
132 3107 234 3166 XVII.
278 3108 376 3181 Quem
398 3107 437 3165 ad
466 3107 591 3164 modum
619 3105 707 3182 igitur
734 3127 802 3166 eum
831 3107 895 3166 dies
924 3128 984 3167 non
1014 3106 1173 3178 fefellitus

136 3202 207 3263 Dixi
227 3205 365 3280 equidem
395 3205 501 3264 modo:
530 3203 682 3263 dictatoris
710 3203 857 3264 Lanuvini
885 3217 961 3264 stata
989 3203 1131 3265 sacrificia

136 3320 223 3360 nosse
238 3301 338 3378 negoti
353 3301 426 3360 nihil
441 3313 510 3360 erat.
546 3299 630 3359 Vidit
645 3320 767 3360 neeesse
781 3320 846 3360 esse
863 3301 969 3360 Miloni
984 3299 1130 3377 proficisci

136 3396 303 3458 Lanuvium
323 3400 374 3459 illo
393 3399 460 3476 ipso
475 3417 535 3475 quo
550 3409 595 3456 est
610 3398 759 3474 profectus
774 3396 832 3467 die,
848 3396 949 3472 itaque
963 3399 1127 3456 antevertit.
