2430 3772
123 174 196 232 XVI
200 170 264 253 42]
358 173 462 291 PRO
480 163 663 234 MILONE
693 175 869 236 ORATIO.
1073 201 1107 251 41

122 302 217 361 salute
236 321 303 362 mea
322 268 524 378 gravissimam
547 312 577 362 et
601 303 820 367 ornatissimam
842 317 960 365 secutus
985 318 1036 378 est,
1061 308 1112 383 qui

122 398 269 475 populum
291 400 462 457 Romanum
482 411 526 458 est
543 382 722 472 cohortatus,
738 399 797 475 qui,
813 419 882 458 cum
903 401 1003 460 decret
992 412 1055 459 tum
1075 403 1118 471 de

122 515 171 555 me
186 497 307 572 Capuae
318 495 475 572 secit,1pse
489 506 615 556 cunctae
631 498 735 556 Italiae
750 495 882 572 cupienti
901 507 931 556 et
945 497 1008 556 eius
1022 476 1139 557 fide'ml

122 592 291 669 imploranti
313 592 430 668 signum
453 592 537 652 dedit
558 602 591 652 ut
614 592 653 651 ad
674 612 722 652 me
747 592 961 652 restituendum
984 595 1113 653 Romam

96 702 344 764 seoncurrerent3
372 686 515 751 omnium
530 690 659 767 denique
680 690 711 750 in
731 690 814 750 illum
839 690 909 765 odia
936 676 1045 750 civium
1073 713 1114 751 ar·

123 788 236 847 debant
254 785 402 847 desiderio
422 787 489 857 mei,
505 807 595 864 quem
614 786 666 863 qui
688 799 752 847 tum
771 767 975 860 inteie'misset,
992 807 1053 847 non
1076 789 1114 848 de

123 882 300 992 impunitate
324 883 396 971 eius,
419 885 473 944 sed
496 886 534 945 de
558 882 694 961 praemiis
719 884 903 962 cogitaretur
946 887 1063 945 Tamen
1083 905 1114 944 se

125 982 201 1043 Milo
215 963 370 1042 continuit
377 994 407 1042 et
422 985 454 1042 P
471 983 634 1042 Clodium
627 1003 657 1041 ιιι
673 974 815 1041 iudicium
830 982 884 1055 bis,
901 982 980 1042 ad
955 1001 1012 1040 νιιιι
1032 1002 1116 1041 num-

123 1099 213 1158 quam
227 1079 353 1140 vocavit
390 1079 495 1155 Quid?
527 1080 645 1140 Privato
661 1081 777 1140 Milone
795 1090 825 1140 et
845 1099 896 1139 reo
915 1082 955 1140 ad
970 1082 1116 1157 populum
1131 1081 1169 1141 40

83 1213 107 1240 10
122 1176 279 1239 accusante
301 1181 333 1237 P.
357 1178 476 1251 Clodi0,
498 1198 566 1237 cum
588 1179 620 1237 iu
643 1180 698 1240 Cn.
722 1176 900 1254 Pompeium
921 1197 976 1255 pro
1001 1177 1115 1237 Milone

123 1274 274 1335 dicentem
291 1277 420 1351 impetus
435 1277 531 1334 factus
550 1287 604 1346 est,
619 1295 696 1352 quae
716 1286 777 1334 tum
796 1295 857 1334 non
878 1275 971 1335 modo
989 1275 1114 1346 occasi0‚

124 1371 286 1431 sedetiam
308 1391 399 1430 causa
421 1371 498 1431 illius
520 1371 708 1449 opprimendi
725 1371 792 1431 fuiti
828 1372 931 1448 Nuper
950 1391 1029 1442 vero,
1048 1391 1115 1430 cum

125 1473 168 1530 M.
181 1471 331 1530 Antonius
346 1490 493 1530 summam
508 1490 592 1548 spem
607 1470 710 1532 salutis
721 1471 808 1530 bonis
823 1469 961 1530 omnibus
972 1469 1116 1529 attulisset

122 1567 382 1645 gravissimamque
393 1568 568 1628 adulescens
583 1566 785 1628 nobilissimus
800 1566 842 1627 rei
855 1566 991 1643 publicae
1002 1577 1115 1643 partem

82 1697 107 1734 ιι
122 1663 280 1725 fortissime
304 1663 482 1742 suscepisset
510 1676 600 1741 atque
625 1665 705 1724 illam
735 1666 854 1724 beluam
879 1664 970 1724 iudici
994 1666 1116 1742 laqueos

124 1760 353 1824 declinantem
345 1782 404 1820 ram
426 1761 566 1822 irretitam
585 1774 706 1834 teneret,
722 1761 774 1839 qui
795 1765 886 1835 locus,
902 1763 985 1840 quod
1000 1773 1117 1838 tempus

124 1859 207 1930 illud,
222 1859 252 1918 di
268 1857 459 1932 immortales,
474 1859 542 1919 fuitl
573 1863 652 1927 Cum
670 1880 702 1920 se
723 1859 772 1921 ille
787 1859 928 1936 fugiens
920 1881 951 1920 ιιι
973 1862 1117 1920 scalarum

125 1958 261 2018 tenebras
289 1956 460 2043 abdidisset,
483 1936 624 2034 magnum
647 1940 759 2018 Miloni
787 1958 842 2017 fuit
869 1959 1016 2019 conficere
1037 1959 1117 2018 illam

124 2067 241 2132 pestem
262 2031 343 2113 nulla
364 2062 418 2112 sua'
437 2052 557 2127 invidia,
575 2056 618 2112 Μ.
639 2074 709 2114 vero
730 2058 792 2115 Ant
781 2054 844 2115 toni
865 2055 993 2115 maxima
1013 2056 1117 2133 gloria!

82 2151 227 2233 wQuid?
265 2150 430 2260 Comitiis
422 2170 453 2210 ιιι
473 2171 581 2230 campo
598 2152 737 2227 quotiens
757 2163 888 2229 potestas
906 2153 970 2224 fuit,
987 2173 1054 2213 cum
1072 2154 1120 2213 ille
1135 2154 1171 2210 41

124 2251 155 2310 in
172 2222 346 2326 ειειιιιιιι
301 2261 414 2321 ruisset,
438 2250 552 2326 gladios
573 2249 809 2326 destringendos,
833 2251 947 2328 lapides
969 2250 1118 2310 iaciendos

125 2347 293 2417 curavisset,
310 2345 378 2405 dein
401 2345 499 2406 subito
518 2347 599 2406 voltu
618 2346 741 2407 Milonis
759 2348 927 2424 perterritus
948 2350 1061 2424 lugeret
1079 2349 1119 2407 ad

126 2443 268 2516 Tiberim,
290 2463 343 2503 vos
365 2455 395 2503 et
415 2462 519 2502 omnes
541 2442 613 2502 boni
633 2454 704 2502 vota
725 2444 868 2516 faceretis,
891 2456 923 2504 ut
945 2444 1053 2504 Miloni
1075 2444 1119 2506 uti

125 2540 232 2602 virtute
247 2561 300 2601 sua
314 2541 427 2602 liberet.

83 2672 109 2709 25
186 2640 271 2698 XVI.
294 2640 393 2714 Quem
402 2638 489 2716 igitur
497 2660 565 2700 cum
575 2640 709 2701 omnium
718 2641 812 2719 gratia
822 2641 927 2714 noluit,
937 2643 1016 2701 hunc
1027 2640 1119 2701 voluit

125 2756 194 2796 cum
212 2735 379 2813 aliquorum
398 2739 537 2812 querella,
552 2758 642 2816 quem
656 2740 727 2810 iure,
742 2759 831 2817 quem
849 2741 926 2810 loco,
942 2759 1031 2816 quem
1050 2752 1120 2797 tem-

126 2852 208 2910 pore,
221 2852 311 2910 quem
325 2833 448 2911 impune
461 2854 522 2894 non
538 2846 583 2895 est
597 2853 694 2908 ausus,
706 2837 786 2895 hunc
800 2835 913 2908 iniuria,
925 2836 1027 2912 iniquo
1041 2837 1117 2906 loco,

125 2927 225 2990 alieno
252 2940 395 3006 tempore,
415 2932 546 3008 periculo
574 2931 679 3008 capitis
707 2951 769 2991 non
792 2931 940 2992 dubitavit
963 2934 1120 2992 occidere?

126 3027 311 3101 Praesertim,
333 3027 454 3101 iudices,
477 3049 546 3089 cum
573 3028 694 3088 honoris
723 3028 897 3106 amplissimi
917 3030 1070 3089 contentio
1093 3028 1173 3089 etta

84 3158 110 3196 50
124 3124 189 3186 dies
208 3125 396 3185 comitiorum
413 3128 555 3201 subesset,
571 3146 631 3204 quo
646 3126 767 3206 quidem
785 3137 919 3201 tempore
934 3124 1008 3204 (scio
1030 3125 1118 3199 enim,

126 3241 217 3299 quam
239 3221 343 3281 timida
364 3220 402 3282 sit
423 3223 549 3284 ambitio
568 3236 739 3300 quantaque
762 3235 792 3282 et
816 3243 907 3300 quam
931 3221 1056 3282 sollicita
1083 3223 1120 3282 sit

126 3316 274 3394 cupiditas
298 3318 482 3399 consulatus)
508 3319 617 3391 onmia,
643 3339 704 3378 non
733 3319 825 3378 modo
849 3337 927 3393 quae
945 3318 1120 3395 reprehendi

126 3416 237 3491 palam,
252 3415 306 3474 sed
325 3414 417 3475 etiam
436 3434 513 3491 quae
535 3418 662 3475 obscure
682 3413 803 3489 cogitari
824 3425 957 3491 possunt,
972 3416 1125 3478 timemus,
