2430 3772
134 209 172 282 36
510 205 758 266 CICERONIS
1031 200 1074 284 [X
1090 225 1128 279 29

134 338 264 398 occisum
288 348 316 396 et
338 355 374 396 ex
396 335 462 412 ipso
485 337 595 397 Clodio
619 335 756 395 audirent
781 348 811 395 et
833 355 865 396 re
886 355 955 394 vera
980 347 1126 411 putarent,

133 438 264 495 fecerunt
278 434 308 492 id
324 433 400 493 servi
415 433 538 493 Milonis
553 433 665 511 (dicam
681 433 761 491 enim
776 445 878 509 aperte
893 452 954 491 non
974 410 1155 492 derivandi
1159 404 1176 464 i·

79 551 82 559 ·
134 530 263 590 criminis
277 549 375 602 causa,
386 530 439 588 sed
450 540 482 588 ut
496 530 608 588 facturn
624 527 681 605 est)
697 548 753 588 nee
759 528 931 633 imperante
946 549 1002 588 nec
1016 529 1130 588 sciente

134 647 191 687 nec
210 638 366 702 praesente
386 625 519 699 domino,
535 626 618 702 quod
637 644 707 685 suos
727 608 890 702 qtiidqri'e'
871 645 971 685 servos
987 625 1018 685 in
1033 626 1083 685 tali
1098 646 1129 686 re

133 726 229 784 facere
243 724 392 784 voluisset
1145 753 1157 793 5

135 979 166 1052 ἐξ
182 981 224 1050 30,
241 982 283 1038 31.
323 979 387 1038 Tho
405 979 479 1047 only
495 980 636 1047 question
651 980 753 1037 before
770 979 825 1036 the
844 982 931 1036 court
949 980 977 1036 is
992 977 1132 1036 whether

236 1065 360 1123 clodius
372 1068 423 1122 sot
433 1080 453 1122 a
464 1068 534 1132 trap
546 1065 595 1121 lor
605 1064 683 1121 Milo
696 1079 730 1121 or
741 1063 819 1122 Milo
830 1065 878 1121 for
891 1064 1022 1123 Olodius

81 1213 119 1270 30
193 1214 247 1271 XI.
289 1215 384 1286 Haec,
405 1211 492 1272 sicuti
513 1211 667 1317 exposui,
665 1212 706 1271 ita
727 1224 809 1312 gesta
830 1223 907 1304 sunt,
928 1211 1056 1289 iudices;
1086 1212 1130 1271 in-

57 1363 60 1370 .
135 1309 256 1369 sidiator
269 1322 493 1386 superatus,
436 1321 493 1370 est·
514 1308 543 1368 vi
557 1294 649 1368 victa
649 1296 692 1368 vis
687 1287 751 1368 vei
761 1289 865 1418 potius
872 1292 1014 1387 oppressa
1025 1309 1131 1370 virtute

84 1464 87 1471 ,
134 1406 259 1467 audacia
283 1419 335 1466 est
390 1405 472 1465 Nihil
493 1405 561 1465 dico
586 1407 658 1482 quid
683 1426 729 1466 res
753 1382 887 1501 publi'ea
898 1381 1079 1483 con‘iecrita
1081 1388 1147 1479 sit,

136 1505 208 1563 nihil
223 1503 295 1580 quid
310 1523 370 1575 vos,
387 1503 460 1562 nihil
480 1502 552 1580 quid
572 1523 677 1564 omnes
699 1492 784 1580 boni3
789 1476 937 1563 iiiiiil
897 1498 968 1564 sane
987 1504 1018 1564 id
1038 1506 1132 1583 prosit

136 1602 252 1674 Miloni,
275 1602 327 1683 qui
347 1604 405 1665 hoc
426 1603 489 1662 fato
511 1615 597 1661 natus
622 1613 675 1671 est,
697 1615 730 1661 ut
754 1621 793 1661 ne
819 1621 850 1662 se
876 1601 996 1678 quidem
1023 1622 1136 1662 servare
1151 1634 1174 1660 ιο

135 1701 271 1778 potuerit,
289 1672 365 1779 'quiri
392 1680 451 1760 una
472 1721 534 1760 rem
556 1701 706 1777 publicam
721 1720 840 1776 ,vosque
861 1711 994 1760 servaret
1049 1699 1080 1761 Si
1101 1701 1131 1759 id

135 1799 197 1860 iure
218 1799 280 1859 fieri
300 1820 361 1859 non
381 1798 485 1877 potuit,
502 1799 576 1857 nihil
595 1801 693 1859 habeo
713 1800 794 1876 quod
814 1800 987 1872 defendam3
1009 1799 1055 1857 sin
1073 1798 1131 1858 hoc

136 1909 166 1957 et
185 1897 260 1957 ratio
282 1897 377 1958 doctis
399 1908 429 1956 et
454 1898 613 1965 necessitas
639 1897 770 1957 barbaris
796 1909 825 1957 et
851 1917 916 1957 mos
940 1909 1011 1973 gent
1000 1896 1078 1956 tibus
1102 1906 1133 1956 et

135 1993 201 2053 feris
216 1993 305 2053 etiam
320 1993 415 2054 beluis
429 2005 535 2053 natura
548 1993 613 2070 ipsa
626 1994 821 2091 praescripsit,
832 2006 864 2055 ut
879 2013 1000 2054 ornnem
1015 2012 1133 2069 semper

135 2090 204 2162 vim,
226 2109 414 2166 quacumque
429 2079 494 2167 <ipe
515 2102 648 2168 possent,
659 2095 840 2168 acorpore,
863 2090 1006 2167 acapite,
1029 2110 1048 2149 a
1074 2090 1171 2157 vita15

136 2205 190 2245 sua
208 2187 421 2262 propulsarent,
437 2206 498 2245 non
518 2199 617 2264 potest
618 2186 642 2245 is
606 2188 720 2247 thoc
738 2188 851 2247 facinus
870 2188 1055 2290 improbum1
1060 2186 1132 2247 iudi-

136 2303 211 2356 care,
224 2284 295 2359 quin
306 2283 393 2343 simul
404 2284 540 2345 iudicetis
555 2285 702 2357 omnibus,
715 2285 766 2362 qui
780 2285 811 2344 in
826 2288 954 2345 latrones
966 2249 1131 2356 iiicidennt,

136 2392 188 2439 aut
211 2380 327 2440 illorum
352 2381 418 2442 telis
442 2395 494 2443 aut
519 2384 621 2450 vestris
655 2383 816 2481 sententiis
831 2404 907 2447 esse
938 2385 1130 2460 pereundum.

84 2478 118 2536 31
135 2477 259 2552 Quod
237 2497 261 2537 s1
272 2488 293 2537 1
295 2498 312 2537 a
322 2491 464 2555 putasset
477 2493 556 2542 certe
565 2482 738 2558 optabilius
736 2452 844 2542 Miloni
855 2484 909 2542 fuit
920 2483 989 2541 dare
1000 2481 1131 2568 iugulum

137 2575 171 2632 P.
189 2573 306 2647 Clodio,
327 2594 387 2635 non
406 2578 498 2636 semel
517 2579 555 2639 ab
575 2578 625 2638 illo
645 2598 742 2656 neque
762 2591 825 2638 turn
846 2579 975 2656 primum
999 2579 1172 2655 petitum,20

137 2691 227 2748 quam
248 2671 371 2749 iugulari
391 2695 410 2734 a
430 2675 524 2748 vobiS,
544 2677 615 2753 quia
636 2697 667 2737 se
688 2698 750 2737 non
770 2677 965 2754 iugulandum
986 2677 1027 2736 illi
1048 2677 1134 2737 tradi·

137 2770 236 2829 disset.
280 2770 332 2831 Sin
346 2773 404 2831 hoc
422 2792 512 2844 nemo
526 2786 656 2834 vestrum
675 2774 717 2834 ita
735 2775 832 2846 sentit,
849 2795 911 2836 non
930 2775 1005 2835 illud
1023 2775 1081 2834 iam
1102 2774 1132 2834 in

137 2867 278 2926 iudicium
302 2867 390 2941 venit,
413 2870 568 2930 occisusne
593 2871 639 2944 sit,
661 2873 743 2948 quod
767 2873 903 2945 fatemur,
926 2873 979 2931 sed
1004 2871 1066 2932 iure
1094 2891 1132 2930 an

137 2964 250 3038 iniuria,
267 2967 349 3042 quod
364 2968 463 3025 multis
479 2968 509 3026 in
523 2968 619 3027 causis
634 2988 723 3044 saepe
738 2968 903 3043 quaesitum
919 2982 971 3029 est.
1006 2968 1134 3028 Insidias

137 3065 229 3124 factas
251 3083 315 3123 esse
342 3076 466 3138 constat,
490 3077 519 3125 et
546 3065 578 3126 id
606 3079 658 3139 est,
682 3068 764 3144 quod
793 3082 913 3127 senatus
942 3080 1044 3126 contra
1072 3087 1160 3126 rem
1152 3097 1173 3133 5

138 3159 287 3236 publicam
308 3160 420 3219 sactum
441 3159 600 3245 iudicavit,
632 3163 671 3223 ab
692 3174 758 3222 utro
783 3165 879 3224 factae
905 3163 963 3222 sint
988 3163 1133 3220 incertum

138 3268 195 3329 est,
218 3257 255 3315 de
270 3255 349 3314 hoc
341 3257 428 3333 rgrtur
441 3250 558 3317 latum
547 3241 641 3319 estiit
629 3241 853 3335 tquaereretur.
898 3263 946 3320 Ita
965 3271 995 3321 et
1014 3270 1134 3319 senatus

137 3372 207 3424 rem,
229 3372 290 3411 non
310 3354 462 3412 hominem
485 3354 606 3425 notavit,
630 3368 659 3416 et
681 3357 841 3434 Pompeius
862 3355 929 3416 de
921 3376 992 3429 rure,
1013 3375 1074 3414 non
1095 3357 1134 3416 de

135 3451 217 3510 facto
238 3453 441 3526 quaestionem
464 3453 535 3511 tulit.
580 3455 653 3515 Xll.
698 3456 779 3514 Num
800 3455 872 3530 quid
894 3454 980 3531 igitur
1001 3453 1082 3513 aliud
1103 3455 1134 3513 in
