2430 3772
304 619 357 694 M.
396 618 564 694 TVLLI
603 619 904 695 CICERONIS
976 668 978 672 v

154 809 318 943 'uuo
364 850 421 943 T.
465 849 698 943 numo
747 847 1030 942 nrtouu
1096 817 1099 852 ³

374 1085 433 1145 AD
465 1086 635 1146 IVDICES
666 1085 838 1146 ORATIO.

114 1372 146 1446 §§
166 1373 244 1433 1-6.
282 1372 345 1431 dhe
368 1372 500 1431 unusual
522 1372 643 1441 display
660 1371 695 1430 oi
714 1371 796 1430 force
818 1372 916 1431 round
936 1370 1030 1430 about
1049 1369 1104 1426 tha

181 1463 269 1518 court
285 1463 369 1518 must
385 1460 500 1527 iusum
516 1460 622 1519 ularm
660 1459 677 1517 Ι
694 1461 756 1518 aud
773 1473 826 1527 my
836 1460 932 1517 edent
948 1457 1056 1526 appetu
1069 1461 1104 1515 to

183 1560 252 1616 you,
264 1544 407 1616 thojury,
419 1545 467 1602 for
479 1548 613 1613 support.

175 1701 201 1761 I.
243 1702 318 1760 Eust
332 1719 442 1771 vereor,
459 1698 579 1771 iudices,
596 1719 634 1760 ne
653 1710 737 1776 turpe
752 1698 788 1759 sit
802 1718 856 1776 pro
871 1696 1028 1758 fortissimo
1041 1696 1103 1758 viro
1119 1698 1135 1754 1

115 1799 214 1858 dicere
227 1796 420 1874 incipientem
431 1795 533 1856 timere
544 1796 724 1873 minimeque
736 1797 849 1870 deceat,
861 1816 929 1856 cum
939 1799 976 1859 T.
990 1795 1105 1855 Annius
1121 1809 1124 1813 ’

112 1896 179 1972 'ipse
198 1894 290 1972 magis
304 1894 343 1955 de
359 1892 401 1954 rei
419 1894 557 1970 publicae
572 1895 665 1954 salute
679 1913 769 1970 quam
784 1894 823 1954 de
841 1913 893 1953 sua
912 1893 1103 1970 perturbetur,

116 2013 164 2053 me
178 1993 256 2053 ad
231 2013 293 2054 erus
307 2011 428 2051 causam
446 2011 548 2098 parem
563 1991 654 2051 animi
646 1990 904 2070 magnitudinem
918 1993 1030 2053 adferre
1045 2011 1106 2051 non

89 2108 213 2166 sposse⁷
236 2099 337 2198 tamen
355 2089 435 2173 haec
459 2085 530 2146 novi
552 2087 642 2147 iudici
667 2096 744 2147 nova
748 2088 862 2148 forma
885 2098 973 2148 terret
993 2089 1104 2156 oculos,

117 2183 168 2262 qui
182 2167 372 2303 quincumque
386 2181 560 2256 inciderunt,
576 2185 822 2245 consuetudinem
835 2184 889 2246 fori
905 2196 934 2245 et
950 2185 1106 2295 pristinum

117 2257 236 2342 niini'eiit
243 2258 419 2341 itidiciorum
438 2280 599 2358 requirunt.
642 2283 713 2340 Non
728 2281 808 2341 enim
824 2302 935 2342 corona
951 2301 1106 2342 consessus
1120 2280 1138 2338 2

117 2390 213 2440 vester
231 2378 345 2439 cinctus
364 2388 417 2451 est,
432 2389 464 2438 ut
483 2379 607 2451 solebat,
622 2397 684 2439 non
694 2378 811 2446 usitata
827 2378 997 2461 frequentia
1003 2378 1112 2460 stipati

119 2495 228 2548 sumus,
244 2495 300 2535 nec
314 2475 364 2534 illa
378 2473 531 2551 praesidia,
544 2493 621 2550 quae
635 2494 689 2551 pro
700 2475 819 2551 templis
831 2475 968 2536 omnibus
979 2475 1105 2548 cernitis

80 2607 105 2633 ιο
119 2572 174 2633 etsi
193 2583 295 2633 contra
311 2573 371 2632 vim
391 2573 536 2632 collocata
555 2584 632 2644 sunt,
647 2591 709 2632 non
728 2573 865 2633 adferunt
879 2585 978 2632 tamen
995 2571 1107 2649 aliquid

119 2689 188 2747 quo,
199 2680 232 2729 ut
245 2669 276 2728 in
287 2669 351 2729 foro
362 2678 392 2729 et
406 2669 436 2727 in
448 2667 566 2742 iudicio,
579 2688 759 2746 quamquam
771 2670 922 2746 praesidiis
934 2671 1107 2730 salutaribus

119 2777 150 2826 et
170 2765 341 2826 necessariis
361 2764 457 2841 saepti
478 2784 586 2838 sumus,
607 2777 706 2826 tamen
728 2787 767 2827 ne
787 2787 849 2828 non
870 2768 973 2827 timere
987 2766 1107 2843 quidem

119 2864 183 2924 sine
210 2864 311 2940 aliquo
337 2863 444 2923 timore
467 2863 626 2972 possitpus.
677 2867 764 2941 Quae
791 2866 816 2927 si
840 2865 978 2943 opposita
1002 2861 1108 2924 Miloni

119 2970 260 3036 putarem,
283 2960 420 3019 cederem
442 2947 577 3036 teinp6ri,
586 2956 721 3036 iudices,
743 2982 800 3022 nec
820 2961 896 3023 iuter
915 2973 1027 3020 tantam
1048 2959 1108 3017 vim

80 3077 265 3126 15armorum
285 3056 481 3118 existimarem
497 3078 562 3118 esse
576 3059 702 3119 orationi
721 3061 838 3134 locum;
859 3061 911 3119 sed
931 3078 979 3118 me
997 3067 1108 3117 recreat

120 3165 149 3213 et
170 3153 262 3214 reficit
283 3156 340 3215 Cn.
363 3154 495 3230 Pompei,
511 3154 718 3231 sapientissimi
740 3166 768 3216 et
789 3153 938 3215 iustissimi
958 3153 1019 3224 viri,
1037 3171 1107 3211 con·

120 3248 225 3323 silium,
247 3249 299 3326 qui
319 3250 453 3325 profecto
473 3269 530 3310 nec
550 3251 677 3310 iustitiae
697 3271 767 3310 suae
787 3260 904 3327 putaret
924 3269 997 3322 esse,
1018 3268 1106 3325 quem

120 3338 208 3403 reum'
224 3346 377 3411 sententiis
397 3345 528 3405 iudicum
550 3347 725 3422 tradidisset,
746 3347 873 3406 eundem
895 3345 962 3404 teiis
981 3345 1118 3402 miiitum
