2430 3772
136 201 175 255 44
503 182 807 244 CICERONIS
804 191 805 198 ’
864 183 866 186 ’
950 180 1077 266 [XVIII
1093 205 1133 263 47

135 336 215 390 sum;
237 337 298 376 non
316 337 419 377 vereor
437 336 484 390 ne,
506 320 588 395 quod
606 337 645 377 ne
667 319 809 425 suspicari
832 316 954 394 quidem
974 321 1131 396 potuerim,

135 413 235 473 videar
249 414 277 473 id
294 414 446 490 cogitasse.

80 510 119 570 48
195 513 285 570 Nunc
303 530 465 587 persequar
483 524 596 587 cetera;
617 533 687 572 nam
707 511 833 574 occurrit
851 512 933 574 illud.
978 514 1073 592 Igitur
1092 535 1134 577 ne

136 607 260 670 Clodius
275 607 395 684 quidem
411 609 450 668 de
463 607 579 697 insidiis
590 608 739 706 cogitavit,
750 608 892 705 quoniam
904 609 957 670 suit
968 610 999 671 in
1010 613 1133 674 Albano

135 725 299 764 mansurus.
332 706 363 766 Si
374 705 496 782 quidem
508 706 638 767 exiturus
645 706 688 766 ad
699 695 822 766 caederis
835 707 931 766 evilla
941 699 1003 768 non
1017 708 1132 770 fuisset.
1147 742 1160 781 5

133 804 232 864 Video
250 804 330 864 enim
350 805 432 863 illum
448 825 500 882 qur
492 805 630 866 dicatur
643 806 682 865 de
697 805 766 881 Cyri
781 816 876 866 morte
891 805 1051 879 nuntiasse,
1069 828 1131 868 non

135 903 165 962 id
189 902 348 975 nuntiasse,
367 905 421 963 sed
440 903 588 964 Milonem
611 904 858 980 appropinquare.
902 905 982 962 Nam
1000 903 1132 981 quidde

90 993 94 1001 ’
135 1001 213 1075 Cyro
227 1000 384 1074 nuntiaret,
401 1021 490 1078 quem
506 1002 632 1064 Clodius
648 1005 747 1063 Roma
761 1000 952 1078 proficiscens
971 1002 1131 1080 reliquerat

134 1097 331 1157 morientem?
374 1100 442 1158 Vna
461 1097 515 1172 fui;
541 1109 752 1158 testamentum
774 1098 864 1158 simul
884 1097 1039 1176 obsignavi
1059 1121 1130 1160 cum

135 1196 257 1270 Clodi03
285 1207 495 1255 testamentum
516 1208 615 1255 autem
636 1197 734 1273 palam
755 1199 865 1256 fecerat
886 1207 917 1256 et
941 1196 1024 1255 illum
1050 1197 1174 1257 here-10

134 1293 202 1352 dem
226 1303 255 1351 et
278 1313 326 1352 me
344 1293 506 1370 scripserat.
551 1295 650 1368 Quem
672 1292 768 1369 pridie
792 1294 866 1352 hora
890 1292 976 1353 tertia
998 1293 1129 1353 animam

134 1391 283 1449 efflantem
304 1390 477 1466 reliquisset,
500 1411 569 1450 eum
589 1402 737 1451 mortuum
760 1390 903 1468 postridie
921 1393 994 1451 hora
1012 1391 1131 1453 decima

79 1486 117 1544 49
133 1487 262 1562 denique
285 1487 312 1547 ei
330 1477 544 1548 nuntiabatur?
585 1489 671 1548 XIX.
709 1491 781 1565 Age,
797 1487 835 1547 sit
849 1486 889 1546 ita
903 1490 1028 1564 lactum,
1052 1510 1130 1567 quae

134 1605 231 1655 causa,
247 1605 300 1643 cur
315 1588 444 1645 Romam
459 1596 638 1662 properaret,
655 1584 752 1644 curin
772 1576 890 1644 noctem
911 1605 943 1645 se
957 1587 1131 1649 coniceret?

135 1684 250 1760 Ecquid
272 1686 424 1744 adferebat
444 1683 640 1774 festinationis
661 1683 743 1760 quod
767 1683 851 1742 heres
872 1685 956 1742 erat?
998 1683 1130 1745 Primum
1147 1718 1173 1756 15

133 1794 195 1841 erat
218 1782 290 1840 nihil
309 1803 362 1842 cur
380 1796 540 1860 properato
562 1803 638 1860 opus
656 1791 746 1855 esset3
768 1780 886 1853 deinde,
904 1779 928 1839 si
948 1780 1021 1858 quid
1042 1796 1128 1856 esset,

133 1880 205 1956 quid
222 1882 343 1940 tandem
363 1892 425 1940 erat
439 1882 520 1958 quod
536 1899 572 1939 ea
589 1891 678 1939 nocte
698 1877 841 1953 consequi
856 1890 966 1955 posset,
982 1879 1130 1941 amitteret

133 1988 240 2048 autern,
257 1977 281 2035 si
300 1976 442 2053 postridie
464 1979 595 2034 Romam
618 1995 705 2034 mane
724 1975 876 2035 venisset?
916 1979 1017 2052 Atque
1037 1988 1069 2036 ut
1088 1977 1130 2036 illi

133 2086 295 2134 nocturnus
312 2074 351 2132 ad
370 2075 472 2131 urbem
495 2073 640 2131 adventus
659 2072 797 2132 vitandus
819 2073 1022 2150 potiusquam
1043 2094 1130 2151 expe·

136 2173 243 2231 tendus
267 2170 331 2244 luit,
354 2169 397 2229 sic
421 2169 538 2242 Miloni,
563 2158 631 2230 crim
651 2170 804 2230 insidiator
829 2182 917 2243 esset,
940 2170 964 2230 si
988 2171 1071 2231 illum
1092 2174 1131 2233 ad
1146 2207 1174 2234 ιο

133 2272 237 2329 urbem
260 2280 351 2328 noctu
372 2289 560 2329 accessurum
583 2269 704 2340 sciebat,
728 2267 943 2329 subsidendum
966 2280 1057 2346 atque
1081 2290 1130 2330 ex-

133 2367 329 2444 spectandum
348 2367 409 2426 suit.
455 2371 555 2427 Noctu
579 2367 747 2440 occidisset,
764 2366 908 2427 insidioso
927 2377 958 2427 et
980 2370 1071 2443 pleno
1091 2370 1131 2429 la-

80 2465 118 2522 50
134 2478 251 2524 tronum
265 2467 341 2524 loc0.
385 2466 484 2523 Nemo
499 2465 526 2524 ei
541 2465 661 2541 neganti
678 2484 740 2523 non
759 2463 942 2538 credidisset,
958 2485 1048 2541 quem
1064 2486 1129 2526 esse

46 2576 47 2579 ’
134 2583 237 2622 omnes
253 2565 364 2621 salvom
384 2563 474 2622 etiam
494 2564 687 2622 confitentem
702 2564 815 2622 volunt.
858 2563 1053 2624 Sustinuisset
1071 2564 1130 2624 hoc

133 2659 244 2720 crimen
272 2659 398 2736 primum
421 2659 485 2736 ipse
507 2659 557 2718 ille
581 2661 730 2719 latronum
752 2662 919 2743 occultator
941 2673 971 2722 et
995 2675 1132 2739 receptor
1146 2694 1172 2732 25

134 2760 226 2830 locus,
253 2770 316 2816 tum
340 2776 439 2833 neque
464 2768 547 2816 muta
575 2757 706 2816 solitudo
735 2756 896 2817 indicasset
920 2779 1018 2834 neque
1039 2779 1131 2820 caeca

133 2877 193 2917 nox
207 2855 386 2915 ostendisset
404 2854 569 2929 Milonem;
598 2855 708 2914 deinde
726 2854 767 2914 ibi
787 2854 874 2914 multi
892 2859 931 2916 ab
952 2857 1004 2916 illo
1017 2856 1127 2930 violati,

133 2952 260 3030 spoliati,
284 2953 371 3012 bonis
397 2953 518 3029 expulsi,
542 2955 628 3013 multi
651 2956 726 3012 haec
748 2953 837 3013 etiam
859 2954 997 3014 timentes
1016 2954 1048 3014 in
1069 2975 1130 3014 sus·

133 3053 281 3128 picionem
297 3052 445 3124 caderent,
461 3062 524 3110 tota
539 3051 670 3127 denique
684 3071 734 3111 rea
749 3051 887 3110 citaretur
902 3051 1026 3111 Etruria.

80 3149 117 3208 51
192 3154 292 3225 Atque
306 3149 357 3208 illo
372 3149 420 3209 die
440 3162 520 3207 certe
541 3149 639 3208 Aricia
660 3151 777 3209 rediens
799 3150 924 3210 devertit
945 3150 1070 3211 Clodius
1091 3152 1131 3210 ad
1145 3183 1171 3220 30

133 3249 291 3307 Albanum.
336 3247 427 3322 Quod
448 3256 480 3305 ut
500 3246 586 3306 sciret
607 3247 682 3305 Milo
697 3248 779 3306 illum
795 3247 912 3307 Ariciae
925 3247 1023 3320 fuisse,
1039 3248 1130 3323 suspi-

133 3344 192 3403 cari
217 3356 316 3404 tamen
342 3344 446 3404 debuit
470 3364 547 3416 eum,
571 3343 660 3404 etiam
686 3344 710 3404 si
733 3348 861 3405 Romam
883 3347 933 3404 illo
954 3346 1004 3405 die
1024 3344 1129 3404 reverti

134 3444 231 3515 vellet,
257 3444 295 3502 ad
320 3442 419 3502 villam
444 3460 537 3512 suam,
560 3461 637 3518 quae
661 3443 740 3502 viam
765 3455 904 3520 tangeret,
929 3443 1126 3502 deversurum.
