2430 3772
132 156 170 231 5⁶
506 153 753 234 crcaaoaus
951 151 1128 236 [xx1x79

131 283 259 355 solvatis,
281 285 334 345 sed
355 282 405 358 ita,
427 283 452 345 si
473 289 505 346 P.
529 283 655 346 Clodius
675 282 827 345 revixerit:
851 281 924 360 quid
948 285 1032 344 voltu
1056 284 1128 345 exti-

131 380 269 442 muistis?
313 383 452 457 Quonam
480 383 573 442 modo
600 381 650 443 ille
677 400 731 443 vos
758 383 842 441 vivos
868 382 1019 455 adficeret,
1049 401 1127 459 quos

132 490 265 539 mortuus
293 478 376 537 inani
400 479 582 556 cogitatione
605 477 772 555 percussit?
814 476 896 553 Quid
924 477 949 538 si
976 479 1040 556 ipse
1068 481 1124 541 Cn.

131 573 300 652 Pompeius,
326 574 379 652 qui
399 595 435 636 ea
458 576 563 636 virtute
591 596 627 635 ac
649 578 766 637 fortuna
794 586 848 648 est,
874 585 905 636 ut
925 595 969 636 ea
996 574 1127 652 potuerit

132 692 248 750 semper
269 692 346 750 quae
367 692 457 733 nemo
477 684 593 750 praeter
614 673 704 745 illum,
727 671 752 733 si
773 671 805 746 is,
826 672 959 749 inquam,
980 673 1154 749 potuisset5

132 781 183 832 aut
205 773 410 850 quaestionem
438 772 477 832 de
504 782 599 832 morte
627 774 659 830 P.
687 770 775 831 Clodi
798 771 872 830 serre
894 780 946 829 aut
966 768 1064 847 ipsum
1085 773 1127 832 ab

131 868 231 928 inseris
241 868 376 941 excitare,
388 880 488 928 utrum
498 868 610 946 putatis
622 868 720 945 potius
731 871 875 928 facturum
888 868 997 928 luisse?
1026 869 1126 929 Etiam

132 965 156 1026 si
171 978 293 1043 propter
306 966 466 1026 amicitiam
481 968 570 1027 vellet
590 969 673 1026 illurn
691 968 729 1026 ab
742 965 841 1026 inseris
855 986 988 1038 avocare,
1003 979 1128 1044 propter

132 1083 194 1124 rem
221 1065 372 1143 publicam
400 1084 462 1126 non
489 1064 615 1125 fecisset.
671 1064 743 1124 Eius
770 1063 857 1142 igitur
884 1063 987 1124 mortis
1015 1064 1127 1125 sedetis

131 1163 251 1236 ultores,
266 1163 349 1223 cuius
362 1162 453 1223 vitam
473 1160 498 1222 si
512 1161 620 1239 putetis
634 1181 688 1239 per
700 1181 754 1222 vos
774 1161 887 1222 restitui
900 1180 999 1238 posse,
1015 1161 1126 1234 nolitia,
1144 1195 1168 1221 ω

132 1271 163 1320 et
183 1260 222 1320 de
241 1259 305 1320 eius
321 1279 395 1320 nece
415 1262 475 1320 lata
492 1261 627 1335 quaestio
647 1271 700 1331 est,
723 1257 774 1336 qui
795 1259 820 1318 si
840 1261 906 1335 lege
927 1259 1033 1317 eadem
1055 1259 1128 1318 revi-

132 1356 244 1417 viscere
257 1367 366 1434 posset,
382 1358 441 1416 lata
454 1358 502 1416 lex
516 1375 680 1433 numquam
697 1366 783 1416 esset.
828 1356 927 1414 Huius
949 1374 1018 1431 ergo
1039 1354 1128 1415 inter-

132 1454 227 1514 lector
240 1453 264 1514 si
278 1466 364 1528 esset,
381 1455 412 1515 in
426 1455 599 1515 confitendo
613 1455 651 1514 ab
666 1454 749 1514 eisne
764 1472 893 1530 poenam
909 1451 1033 1527 timeret,
1050 1473 1126 1530 quos

132 1551 335 1613 liberavisset?

138 1719 169 1794 ἐξ
182 1722 295 1781 80-83.
332 1721 446 1781 Greeks
460 1737 522 1791 pay
532 1722 643 1780 almost
655 1721 758 1780 divino
773 1721 905 1779 honours
919 1723 953 1778 to
964 1719 1053 1778 those
1064 1722 1135 1780 who
1159 1718 1170 1743 ¹

203 1808 278 1868 slew
291 1823 479 1878 numerumn
498 1809 555 1867 but
566 1808 594 1865 it
602 1823 662 1876 you
675 1807 783 1864 should
791 1808 828 1864 be
841 1807 1001 1866 thaukless
1010 1810 1045 1864 to
1055 1808 1134 1867 Milo

204 1894 244 1951 ho
255 1893 321 1950 vill
332 1893 472 1951 abandon
482 1894 532 1950 his
544 1895 681 1961 country.

82 2026 120 2086 80
194 2024 299 2086 Graeci
320 2024 457 2084 homines
476 2024 600 2085 deorum
620 2025 748 2084 honores
767 2023 899 2084 tribuunt
917 2023 959 2083 eis
978 2022 1056 2098 viris,
1077 2027 1129 2103 qui
1144 2057 1166 2095 ις

135 2135 274 2201 tyrannos
299 2131 486 2182 necaverunt.
530 2124 616 2198 Quae
644 2141 700 2198 ego
722 2121 783 2181 vidi
805 2121 941 2195 Athenis,
964 2141 1040 2199 quae
1061 2123 1126 2186 aliis

135 2219 167 2280 in
187 2218 310 2280 urbibus
332 2218 493 2280 Graeciael
528 2220 610 2295 Quas
635 2239 681 2280 res
704 2218 819 2280 divinas
840 2219 948 2279 talibus
975 2218 1125 2281 institutas

135 2316 211 2390 viris,
245 2335 320 2394 quos
349 2328 462 2392 cantus,
495 2337 572 2394 quae
603 2318 751 2378 carminal
810 2321 907 2395 Prope
938 2318 977 2377 ad
1009 2318 1127 2379 immor-

136 2413 254 2477 talitatis
282 2423 313 2475 et
339 2415 512 2492 religionem
540 2427 569 2475 et
595 2414 769 2476 memoriam
796 2425 1012 2474 consecrantur.
1062 2417 1125 2476 Vos

137 2513 212 2574 tanti
242 2523 480 2572 conservatorem
511 2512 624 2590 populi,
655 2512 728 2573 tanti
761 2513 878 2572 sceleris
911 2515 1037 2573 ultorem
1065 2533 1125 2573 non
1141 2545 1166 2572 ω

136 2611 229 2671 modo
246 2610 409 2670 honoribus
427 2611 513 2670 nullis
534 2610 685 2683 adficietis,
702 2610 755 2670 sed
776 2609 865 2670 etiam
886 2610 926 2669 ad
947 2609 1124 2687 supplicium

136 2707 200 2784 rapi
227 2706 401 2784 patiemini?
443 2708 648 2780 Confiteretur,
670 2707 866 2778 confiteretur,
888 2703 1017 2783 inquam,
1040 2707 1065 2767 si
1086 2709 1126 2768 fe·

136 2803 232 2877 cisset,
260 2814 289 2864 et
312 2821 421 2880 magno
449 2802 550 2863 animo
577 2813 607 2863 et
634 2800 769 2876 libenter,
792 2804 897 2863 fecisse
925 2823 958 2864 se
984 2803 1126 2865 libertatis

136 2901 270 2963 omnium
284 2920 381 2974 causa,
392 2901 473 2977 quod
487 2911 566 2961 esset
579 2900 607 2961 ei
621 2921 682 2960 non
696 2903 897 2962 confitendum
913 2902 1012 2974 modo,
1024 2922 1126 2962 verum

82 2996 120 3056 81
138 2996 226 3058 etiam
244 2997 484 3075 praedicandum.
525 3000 621 3058 XXX.
661 2999 780 3059 Etenim
798 2998 823 3058 si
841 2998 873 3059 id
894 3019 955 3058 non
974 3010 1072 3076 negat,
1093 3019 1129 3060 ex
1143 3030 1166 3069 ης

137 3113 197 3172 quo
211 3093 283 3153 nihil
297 3093 370 3172 petit
384 3092 441 3153 nisi
459 3104 492 3153 ut
510 3092 687 3170 ignoscatur,
702 3094 847 3155 dubitaret
866 3094 898 3155 id
912 3095 1003 3168 fateri,
1015 3115 1052 3156 ex
1065 3115 1126 3172 quo

138 3191 227 3252 etiam
249 3192 379 3269 praemia
406 3189 502 3251 laudis
530 3205 630 3252 essent
657 3193 809 3268 petenda?
830 3190 901 3271 (uisi
924 3211 994 3254 vero
1018 3193 1128 3270 gratius

137 3299 223 3365 putat
245 3308 310 3351 esse
330 3288 424 3361 vobis,
450 3287 496 3347 sui
520 3308 553 3350 se
580 3288 686 3366 capitis
710 3309 800 3366 quarn
828 3289 917 3351 vestri
941 3291 1128 3350 defensorem

138 3384 254 3464 suisse);
275 3405 344 3446 cum
362 3385 533 3463 praesertim
551 3386 583 3447 in
596 3406 633 3447 ea
647 3386 842 3461 consessione,
858 3388 882 3448 si
896 3388 969 3465 grati
992 3404 1056 3446 esse
1069 3386 1129 3445 vel-
