2430 3772
466 769 713 834 APPENDIX
743 769 786 836 A.

326 935 402 984 THE
424 934 627 986 COMMENTS
650 935 698 986 OF
719 928 925 984 ASCONIU81.

515 1080 733 1130 Anennnnrun.

81 1193 115 1251 31
178 1193 254 1242 Hanc
269 1191 406 1241 orationem
422 1192 485 1241 dixit
499 1193 547 1243 Cn.
562 1193 684 1258 Pompeio
699 1205 733 1241 111
748 1192 849 1242 consule
864 1207 887 1241 a
901 1191 928 1240 d:
940 1202 971 1240 vl
987 1191 1026 1241 Id.
1041 1190 1124 1255 April.

130 1257 205 1320 Quod
217 1256 335 1305 iudicium
347 1273 402 1305 cum
414 1265 534 1319 ageretur,
548 1259 682 1307 exercitum
697 1258 724 1306 in
738 1257 792 1306 soro
806 1265 831 1306 et
846 1258 872 1305 in
887 1256 1002 1305 omnibns
1016 1257 1124 1320 templis,

129 1338 193 1387 quae
208 1321 300 1370 circum
314 1321 396 1369 iorum
411 1330 475 1380 sunt,
489 1322 639 1370 collocatum
650 1337 666 1370 a
678 1323 724 1372 Cn.
740 1323 861 1387 Pompeio
876 1321 951 1370 fuisse
965 1337 1016 1370 non
1031 1330 1127 1370 tantum

130 1404 160 1437 ex
180 1386 291 1436 oratione
309 1393 335 1434 et
352 1386 490 1445 annalibus,
511 1387 554 1434 sed
574 1387 650 1435 etiam
669 1403 700 1436 ex
718 1387 784 1436 libro
803 1393 916 1451 apparet,
937 1386 981 1449 qui
1001 1386 1128 1435 Ciceronis

129 1452 229 1501 nomine
240 1451 381 1500 inscribitur
391 1451 424 1501 de
434 1451 530 1514 optimo
542 1466 632 1514 genere
643 1459 776 1500 oratorum.
812 1454 995 1514 Argumentum
1006 1450 1053 1499 hoc
1065 1458 1110 1499 est.

178 1518 210 1566 T.
230 1516 328 1564 Annius
348 1515 411 1565 Milo
431 1524 456 1566 et
473 1517 501 1566 P.
521 1517 633 1566 Plautius
653 1517 787 1580 Hypsaeus
804 1524 830 1565 et
850 1517 883 1578 Q.
904 1515 1022 1564 Metellus
1042 1515 1129 1580 Scipio

131 1582 285 1631 consulatum
304 1581 428 1645 petierunt
447 1597 498 1630 non
516 1581 598 1630 solum
616 1582 747 1646 largitione
766 1580 850 1645 palam
866 1580 974 1645 profusa,
991 1580 1129 1629 sedetiam

131 1646 278 1695 factionibus
293 1655 444 1695 armatorum
459 1646 585 1696 succincti.
622 1647 713 1696 Miloni
728 1654 753 1695 et
768 1646 860 1695 Clodio
875 1661 987 1694 summae
1002 1653 1072 1695 erant
1082 1644 1128 1693 ini·

131 1712 246 1771 micitiae,
261 1711 329 1774 quod
346 1718 370 1760 et
387 1712 450 1760 Milo
466 1712 594 1761 Ciceronis
610 1720 664 1761 erat
678 1711 841 1760 amicissimus
856 1709 884 1759 in
897 1711 1087 1774 reducendoque
1098 1724 1129 1759 eo

131 1777 204 1824 enixe
225 1791 326 1840 operam
348 1775 461 1825 tribunus
482 1775 517 1840 pl.
540 1776 650 1836 dederat,
672 1783 698 1826 et
721 1777 750 1825 P.
772 1775 876 1824 Clodius
898 1775 1010 1838 restituto
1030 1790 1129 1839 quoqne

132 1841 247 1890 Ciceroni
259 1848 311 1888 erat
322 1840 494 1889 infestissimus
504 1841 610 1905 ideoque
619 1857 715 1890 summe
725 1841 842 1889 studebat
851 1840 972 1904 Hypsaeo
983 1848 1008 1889 et
1018 1839 1130 1905 Scipioni

133 1912 218 1953 contra
236 1905 365 1953 Milonem.
402 1905 442 1954 Ac
458 1921 532 1968 saepe
547 1907 611 1954 inter
625 1921 652 1955 se
669 1905 733 1954 Milo
748 1913 773 1954 et
790 1905 894 1955 Clodius
910 1921 967 1954 cum
978 1904 1029 1954 suis
1044 1905 1129 1953 factio·

80 1964 116 2021 32
132 1970 205 2019 nibus
222 1970 318 2017 Romae
334 1968 536 2032 depugnaverant
550 1977 576 2018 et
592 1976 662 2019 erant
677 1978 781 2034 uterque
795 1969 899 2019 audacia
913 1985 993 2033 pares,
1005 1970 1050 2019 sed
1066 1969 1130 2019 Milo

133 2049 179 2098 pro
201 2033 344 2082 melioribus
364 2033 477 2097 partibus
498 2034 588 2084 stabat.
624 2036 756 2083 Praeterea
777 2035 804 2083 in
825 2034 933 2084 eundem
956 2050 1049 2084 annum
1071 2050 1130 2083 con·

133 2099 239 2147 sulatum
263 2097 334 2157 Milo,
359 2098 465 2147 Clodius
490 2107 632 2162 praeturam
657 2100 766 2164 petebat,
792 2114 868 2164 quarn
893 2099 1002 2149 debilem
1024 2099 1131 2149 suturam

133 2163 234 2212 consule
257 2163 352 2212 Milone
374 2162 543 2226 intellegebat.
590 2164 654 2214 Inde
680 2180 737 2214 cum
759 2165 802 2213 diu
825 2171 904 2213 tracta
926 2172 1008 2214 essent
1030 2165 1132 2214 comitia

134 2228 271 2277 consularia
287 2227 423 2293 perficique
438 2229 472 2277 ob
488 2243 531 2278 eas
547 2228 615 2293 ipsas
630 2230 740 2294 perditas
756 2229 944 2278 candidatorum
961 2229 1132 2279 contentiones

133 2308 185 2342 non
196 2301 305 2357 possent,
319 2301 345 2343 et
360 2294 393 2342 ob
405 2293 431 2343 id
446 2309 531 2343 mense
546 2295 663 2343 Ianuario
678 2295 740 2345 nulli
755 2295 815 2344 dum
831 2309 912 2358 neque
927 2294 1040 2344 consules
1050 2309 1132 2358 neque

133 2366 259 2422 praetores
270 2365 358 2418 essent,
373 2358 558 2422 trahereturque
569 2359 622 2408 dies
636 2360 725 2408 eodem
737 2374 788 2424 quo
801 2365 875 2408 antea
889 2359 1055 2409 modo-cum
1067 2359 1132 2407 Milo

134 2437 209 2486 quarn
220 2422 328 2486 primurn
340 2423 440 2472 comitia
451 2423 540 2473 confici
551 2425 627 2473 vellet
639 2424 823 2488 confideretque
835 2439 890 2472 cum
902 2422 1025 2472 bonorum
1036 2423 1130 2482 studiis,

134 2487 201 2551 quod
219 2487 355 2536 obsistebat
372 2488 470 2548 Clodio,
491 2495 544 2537 turn
561 2490 636 2538 etiam
652 2489 747 2554 populo
763 2495 866 2553 propter
881 2487 971 2536 effusas
990 2487 1133 2552 largitiones

135 2552 307 2617 impensasque
329 2552 444 2601 ludorum
466 2553 635 2602 scaenicorum
656 2569 686 2604 ac
707 2553 849 2618 gladiatorii
871 2553 980 2602 muneris
1001 2554 1130 2612 maximas

135 2617 161 2665 in
178 2632 238 2680 quas
258 2617 305 2665 tria
324 2617 474 2681 patrimonia
490 2618 606 2667 effudisse
623 2634 680 2669 eum
698 2619 788 2668 Cicero
807 2616 937 2682 significat,
958 2619 1133 2682 competitores

135 2682 187 2730 eius
198 2681 294 2730 trahere
305 2681 405 2738 vellent,
417 2681 524 2746 ideoque
536 2683 677 2747 Pompeius,
690 2699 767 2747 gener
778 2683 911 2746 Scipionis,
925 2688 951 2732 et
961 2683 993 2731 T.
1006 2684 1134 2732 Munatius

135 2746 247 2795 tribunus
258 2746 293 2810 pl.
307 2745 391 2794 referri
402 2746 434 2795 ad
450 2755 563 2796 senatum
574 2748 608 2797 de
618 2748 729 2813 patriciis
742 2747 916 2808 convocandis,
931 2747 974 2812 qui
986 2749 1134 2811 interregem

135 2812 276 2875 proderent,
290 2826 341 2876 non
357 2818 438 2859 essent
452 2813 526 2876 passi,
541 2828 598 2861 cum
612 2813 761 2875 interregem
776 2812 881 2876 prodere
893 2819 958 2861 stata
972 2828 1011 2862 res
1022 2821 1133 2870 esset-rr

135 2891 158 2925 a.
172 2876 197 2924 d.
212 2887 266 2924 xm
280 2875 338 2924 Kal.
350 2876 516 2925 Febr.—acta
527 2876 619 2926 etenim
631 2878 709 2940 magis
720 2877 846 2942 sequenda
857 2884 882 2926 et
893 2877 974 2941 ipsam
985 2877 1131 2937 orationem,

136 2956 199 3004 quae
211 2940 272 2989 actis
284 2941 406 3003 congruit,
420 2947 483 3003 puto
494 2957 570 3005 quam
586 2941 759 3001 Fenestellam,
774 2941 816 3004 qui
827 2957 850 2990 a.
861 2942 887 2990 d.
902 2953 968 2990 x1111
982 2943 1041 2991 Kal.
1057 2941 1131 2990 Febr.

136 3005 309 3054 tradit-Milo
327 3005 475 3065 Lanuvium,
496 3021 526 3054 ex
546 3021 596 3070 quo
615 3013 668 3055 erat
687 3006 823 3070 municipio
840 3014 866 3055 et
882 3006 926 3055 ubi
945 3015 998 3054 tum
1017 3008 1131 3066 dictator,

136 3070 260 3180 profectus
279 3077 316 3118 est
333 3070 366 3118 ad
384 3069 509 3118 flaminem
526 3072 683 3135 prodendum
698 3078 799 3134 postera
815 3070 864 3120 die.
900 3070 1014 3120 Occurrit
1030 3072 1053 3121 ei
1070 3071 1135 3120 circa

154 3150 223 3182 oram
239 3150 332 3182 nonam
350 3134 453 3184 Clodius
469 3135 545 3198 paulo
561 3136 627 3184 ultra
643 3135 761 3195 Bovillas,
780 3135 878 3184 rediens
894 3135 927 3183 ab
943 3136 1036 3196 Aricia,
1056 3150 1135 3199 prope

137 3213 194 3247 eum
212 3199 302 3259 locum,
324 3200 418 3262 inquo
438 3199 524 3248 Bonae
543 3201 614 3249 Deae
631 3199 750 3248 sacellum
769 3208 819 3261 est3
840 3208 892 3249 erat
911 3209 995 3249 autern
1014 3200 1136 3249 allocutus

87 3246 123 3305 33
136 3263 281 3313 decuriones
291 3263 457 3313 Aricinorum.
487 3264 633 3313 Vehebatur
644 3264 748 3313 Clodius
759 3279 838 3328 equo;
853 3264 917 3314 servi
929 3277 988 3312 xxx
999 3265 1050 3314 fere
1061 3279 1135 3327 expe·

137 3327 191 3388 diti,
201 3335 228 3376 ut
241 3327 284 3376 illo
295 3334 408 3392 tempore
419 3343 473 3377 mos
484 3336 537 3377 erat
548 3329 594 3377 iter
604 3327 759 3388 facientibus,
773 3329 864 3392 gladiis
874 3329 947 3378 cincti
960 3330 1133 3394 sequebantur.

299 3406 307 3436 ²
320 3407 367 3448 The
376 3414 422 3448 text
431 3406 449 3449 is
457 3408 533 3450 almost
543 3408 628 3460 exaetly
638 3408 684 3450 that
693 3408 718 3450 oi
725 3408 833 3461 Kiessling
841 3410 884 3452 and
894 3408 971 3451 Schott
