2430 3772
134 191 172 265 38
510 190 756 250 cicerones
998 185 1074 268 [xri
1093 209 1131 266 33

134 341 183 381 me
194 320 306 397 quippe
316 322 417 380 lumen
432 319 539 379 curiae.
576 322 668 380 XIII.
692 320 796 396 Quid?
823 322 870 380 Tu
886 339 934 380 me
946 320 1000 381 tibi
1015 321 1133 392 iratum,

133 418 228 487 Sexte,
244 426 340 492 putas,
356 415 440 475 cuius
459 427 491 474 tu
511 413 746 475 inimicissimum
763 417 858 475 multo
875 416 1023 476 crudelius
1042 417 1132 477 etiam

134 512 274 590 poenitus
289 532 330 586 es,
345 531 435 589 quam
451 524 513 572 erat
527 513 718 572 humanitatis
734 533 819 573 meae
834 515 1007 589 postulare?
1034 517 1082 574 Tu
1098 517 1131 575 P.

135 608 225 670 Clodi
244 619 399 668 cruentum
419 610 545 668 cadaver
565 608 677 668 eiecisti
697 611 798 683 domo,
814 620 845 669 tu
863 610 894 670 in
913 610 1067 688 publicum
1082 613 1132 672 ab·

134 705 238 777 iecisti,
252 717 284 765 tu
299 706 459 783 spoliatum
474 706 651 783 imaginibus
663 707 810 784 exsequiis
825 727 938 786 pompa
952 708 1131 781 laudatione,
1148 741 1161 780 3

133 801 341 862 infelicissimis
360 803 446 879 lignis
467 803 692 876 semustilatum,
711 804 863 864 nocturnis
883 805 1006 865 canibus
1026 805 1131 866 dilani-

133 900 244 959 andum
254 899 404 976 reliquisti.
448 901 516 974 Qua
525 919 556 960 re
567 900 623 959 etsi
633 900 743 962 nefarIe
752 902 854 971 fecisti,
868 914 976 977 tamen,
988 902 1132 980 quoniam

133 996 164 1056 in
190 1017 257 1056 meo
283 995 405 1056 inimico
430 996 635 1057 crudelitatem
661 997 869 1075 exprompsisti
893 1010 985 1070 tuam,
1011 1000 1133 1060 laudare

134 1115 196 1153 non
209 1114 342 1171 possum,
357 1092 443 1152 irasci
458 1104 537 1154 certe
552 1113 612 1154 non
627 1096 733 1155 debeo

362 1209 378 1240 a
460 1209 477 1243 a
559 1211 577 1247 s
659 1212 678 1248 x
761 1213 779 1248 x
861 1211 881 1251 a

82 1292 120 1350 34
194 1291 320 1363 Videtis,
335 1290 455 1363 iudices,
474 1304 618 1367 quantum
638 1291 728 1354 Clodi
748 1291 912 1353 interfuerit
930 1289 1028 1351 occidi
1048 1293 1136 1352 Milo
1150 1323 1175 1350 ιο

136 1409 203 1449 nem
213 1411 220 1462 ;
242 1388 403 1448 convertite
417 1389 533 1448 animos
548 1408 627 1448 nunc
644 1387 772 1449 vicissim
792 1392 832 1449 ad
852 1390 1006 1449 Milonem.
1050 1389 1133 1464 Quid

137 1485 259 1545 Milonis
280 1485 417 1546 intererat
439 1485 564 1546 interfici
585 1486 746 1548 Clodium?
788 1487 870 1561 Quid
891 1498 953 1546 erat
977 1506 1030 1546 cur
1057 1486 1133 1545 Milo

136 1604 197 1643 non
217 1583 315 1643 dicam
335 1583 513 1652 admitteret,
527 1585 581 1644 sed
600 1587 738 1661 optaret?
772 1586 919 1645 Obstabat
938 1583 969 1643 in
988 1603 1041 1662 spe
1059 1604 1133 1645 con-

135 1678 246 1736 sulatus
274 1675 380 1736 Miloni
407 1677 539 1738 Clodius
594 1679 634 1736 At
656 1695 693 1736 eo
713 1689 897 1755 repugnante
918 1678 1149 1751 fiebat,1mmo

136 1793 205 1833 vero
225 1793 262 1832 eo
281 1775 372 1834 fiebat
391 1777 494 1857 magis,
510 1794 567 1841 nec
586 1795 635 1834 me
654 1776 845 1859 suffragatore
860 1774 982 1835 meliore
996 1778 1172 1842 utebatur15

135 1891 226 1947 quam
241 1871 357 1932 Clodio.
408 1854 534 1932 Valebat
549 1872 629 1949 apud
643 1890 706 1945 vos,
717 1856 844 1943 iudices,
861 1871 985 1932 Milonis
1000 1891 1069 1949 erga
1083 1891 1131 1932 me

135 1987 256 2043 remque
277 1967 428 2043 publicam
448 1969 621 2027 meritorum
643 1969 794 2042 memoria,
817 1971 956 2030 valebant
977 1989 1081 2046 preces
1103 1983 1132 2030 et

136 2065 273 2124 lacrimae
292 2076 419 2136 nostrae,
440 2066 548 2141 quibus
565 2085 621 2142 ego
641 2078 703 2124 tum
721 2085 775 2126 vos
794 2065 915 2126 mirifice
936 2064 1047 2127 moveri
1068 2085 1133 2126 sen·

136 2162 255 2234 tiebam,
272 2163 325 2222 sed
339 2163 406 2238 plus
425 2163 521 2221 multo
540 2164 657 2223 valebat
674 2161 873 2239 periculorum
892 2162 1132 2241 impendentium

137 2259 232 2319 timor.
276 2259 352 2334 Quis
371 2258 451 2320 enim
470 2271 532 2320 erat
553 2259 669 2332 civium,
689 2260 740 2336 qui
762 2259 817 2321 sibi
838 2262 965 2320 solutam
987 2263 1018 2319 P.
1043 2260 1132 2321 Clodi
1147 2291 1173 2318 ιο

136 2369 301 2432 praeturam
322 2355 385 2414 sine
404 2355 533 2415 maximo
552 2376 649 2417 rerum
668 2376 810 2416 novarum
830 2368 910 2417 metu
930 2360 1132 2434 proponeret?

137 2457 270 2514 Solutam
290 2464 389 2513 autem
409 2454 471 2512 fore
489 2454 644 2528 videbatis,
660 2454 717 2514 nisi
735 2467 813 2515 esset
832 2455 856 2513 is
871 2457 984 2527 consul,
998 2455 1051 2532 qui
1065 2475 1131 2515 eam

130 2552 258 2632 ⁴auderet
272 2562 434 2627 possetque
449 2551 655 2628 constringere.
701 2555 779 2611 Eum
794 2551 939 2612 Milonem
955 2572 1046 2612 unum
1066 2572 1132 2613 esse

137 2666 205 2705 cnm
230 2646 351 2706 sentiret
375 2646 528 2705 universus
553 2649 681 2724 populus
707 2650 871 2719 Romanus,
894 2648 959 2725 quis
984 2649 1132 2709 dubitaret

137 2742 273 2820 suffragio
288 2763 342 2802 suo
357 2763 389 2804 se
408 2757 498 2816 metu,
514 2744 648 2827 periculo
665 2765 727 2804 rem
747 2743 899 2821 publicam
919 2746 1063 2805 liberare?
1093 2749 1133 2804 At
1147 2777 1172 2814 25

137 2860 225 2911 nunc,
255 2839 364 2901 Clodio
392 2851 516 2912 remota,
541 2841 662 2901 usitatis
682 2826 741 2900 iam
769 2841 857 2913 rebus
886 2841 1059 2902 enitendum
1087 2856 1132 2903 est

138 2937 256 3008 Miloni,
275 2949 307 2996 ut
326 2950 442 2997 tueatur
460 2937 634 3014 dignitatem
651 2958 735 2998 suam
741 2959 750 3012 3
771 2938 924 3015 singularis
945 2939 997 2998 illa
1014 2950 1044 2999 et
1062 2940 1133 2999 huic

137 3034 188 3095 uni
216 3054 357 3094 concessa
388 3034 488 3112 gloria,
518 3054 596 3111 quae
628 3034 738 3095 cotidie
769 3037 932 3113 augebatur
963 3036 1132 3114 frangendis

137 3133 282 3192 furoribus
304 3131 489 3205 Clodianis,
481 3152 540 3191 ram
562 3132 650 3192 Clodi
673 3144 767 3192 morte
788 3133 904 3193 cecidit.
946 3135 1010 3193 Vos
1030 3133 1131 3211 adepti

138 3232 267 3312 estisne
280 3250 371 3329 quem
386 3231 481 3291 civem
495 3231 680 3305 metueretis3
695 3232 744 3290 hic
758 3231 998 3292 exercitati0nem
1009 3232 1133 3302 virtutis,
1149 3265 1173 3303 30

138 3297 376 3403 suffragiitioiiem
398 3327 577 3398 consulatus,
599 3328 714 3387 fontem
735 3348 896 3436 perennem
923 3327 1033 3406 gloriae
1060 3348 1132 3389 suae

139 3425 273 3501 perdidit.
318 3426 424 3500 Itaque
445 3423 567 3484 Milonis
586 3427 764 3498 consulatus
780 3424 831 3502 qui
850 3424 917 3485 vivo
931 3427 1041 3507 Clodio
1054 3427 1127 3486 labe
