2430 3772
131 204 169 262 60
506 199 753 260 CICERONIS
929 193 1064 278 [XXXII
1079 200 1118 258 88

130 341 224 405 serat,
246 328 322 390 Milo
341 348 418 389 unus
436 331 566 407 urgebat
607 329 757 390 XXXIII.
794 325 856 386 Hic
876 325 908 387 di
928 328 1118 399 immortales,

130 440 162 486 ut
182 445 270 502 supra
290 425 357 496 dixi,
381 438 511 483 mentem
533 424 574 484 illi
589 425 705 502 perdito
725 443 761 483 ac
780 421 890 482 furioso
911 424 1064 498 dederunt,
1087 434 1119 485 ut

131 522 200 600 huie
213 524 322 582 faceret
340 519 469 582 insidias.
512 522 608 582 Aliter
627 521 722 599 perire
742 520 833 598 pestis
853 521 903 580 illa
923 539 985 580 non
1004 522 1121 597 potuit;

131 639 293 696 numquam
309 618 393 677 illum
411 637 458 678 res
478 617 598 696 publica
618 637 673 678 suo
693 616 755 676 iure
777 627 854 676 esset
874 619 943 675 ulta
986 619 1119 689 Senatus,

132 718 230 788 credo,
249 726 413 793 praetorem
434 735 503 776 eum
523 714 805 791 circumscripsisset.
848 715 896 774 Ne
917 734 986 773 cum
1007 715 1121 775 solebat
1136 748 1153 784 5*

133 814 253 892 quidem
267 812 297 872 id
311 815 415 887 facere,
430 813 461 872 in
480 812 593 890 privato
611 814 717 873 eodem
736 813 795 871 hoc
815 811 928 888 aliquid
947 814 1117 888 profecerat.

80 914 118 971 89
134 915 180 970 An
195 912 330 970 consules
345 910 375 968 in
389 922 523 987 praetore
537 909 705 969 coercendo
720 910 809 967 fortes
819 908 965 967 fuissent?
989 907 1120 968 Primum

135 1008 249 1069 Milone
262 1007 362 1068 occiso
378 1006 529 1066 habuisset
550 1025 618 1065 suos
639 1007 776 1065 consules
787 1026 796 1078 3
817 1005 927 1065 deinde
945 1004 1010 1082 quis
1032 1005 1063 1065 in
1084 1026 1120 1067 eo

133 1119 266 1183 praetore
290 1107 395 1166 consul
414 1104 496 1164 fortis
517 1115 603 1177 esset,
625 1122 677 1179 per
699 1122 787 1179 quem
811 1102 962 1162 tribunum
984 1103 1121 1164 virtutem

134 1206 318 1264 consularem
343 1203 545 1263 crudelissime
565 1211 702 1261 vexatam
727 1220 792 1260 esse
817 1199 1021 1260 meminisset?
1062 1203 1124 1277 Op·
1140 1235 1165 1261 10

135 1300 286 1379 pressisset
307 1301 415 1373 omnia,
436 1299 608 1378 possideret,
631 1309 757 1371 teneret,
785 1301 849 1376 lege
871 1317 956 1372 nova,
979 1309 1123 1375 quaeest

134 1400 254 1458 inventa
273 1399 354 1475 apud
375 1417 443 1458 eum
464 1417 531 1456 cum
554 1395 673 1472 reliquis
701 1396 814 1472 legibus
839 1394 1000 1467 Clodianis,
1024 1414 1123 1456 servos

135 1506 251 1555 nostros
265 1496 385 1556 libertos
399 1514 468 1555 suos
483 1494 600 1555 fecisset
605 1515 614 1569 3
635 1505 795 1570 postremo,
808 1491 864 1552 nisi
878 1512 946 1552 eum
961 1492 992 1551 di
1005 1491 1124 1553 immor-

135 1595 208 1652 tales
222 1592 253 1652 in
267 1612 332 1653 eam
352 1604 482 1654 mentem
504 1592 690 1669 impulissent
706 1604 738 1652 ut
756 1593 848 1653 homo
869 1591 1055 1651 effeminatus
1068 1593 1125 1651 for-

135 1689 280 1750 tissimum
307 1689 401 1751 virum
428 1701 585 1757 conaretur
611 1691 755 1764 occidere,
779 1689 869 1750 hodie
888 1708 951 1748 rem
975 1688 1124 1766 publicam
1143 1722 1166 1758 15

85 1787 121 1846 90
134 1790 244 1873 nullam
259 1787 412 1848 haberetis.
455 1791 505 1847 An
518 1786 567 1849 ille
581 1799 705 1865 praetor,
717 1786 766 1847 ille
779 1806 849 1846 vero
864 1789 976 1858 consul,
992 1785 1018 1845 si
1031 1788 1124 1847 modo

137 1885 212 1944 haec
233 1887 344 1962 templa
363 1897 454 1961 atque
475 1883 539 1962 ipsa
559 1884 679 1944 moenia
699 1894 775 1942 stare
796 1901 833 1943 eo
853 1882 920 1943 vivo
942 1893 1001 1942 tam
1023 1883 1074 1943 diu
1095 1879 1147 1944 et

138 1983 323 2042 consulatum
345 1982 408 2042 eius
428 1993 599 2058 exspectare
621 1980 795 2057 potuissent,
817 1980 867 2040 ille
889 1968 1019 2057 denique
1040 1979 1124 2044 vivos

137 2078 207 2138 mali
230 2079 303 2138 nihil
330 2079 454 2152 fecisset,
478 2078 529 2155 qui
551 2090 682 2138 mortuus
710 2098 771 2138 uno
799 2097 836 2138 ex
863 2077 924 2137 suis
950 2077 1124 2138 satellitibus

138 2177 215 2236 duce
228 2175 339 2235 curiam
353 2175 536 2236 incenderit?
571 2178 641 2252 Quo
655 2175 729 2252 quid
742 2173 884 2245 miserius,
897 2174 969 2250 quid
983 2175 1169 2247 acerbius„20

139 2274 209 2348 quid
230 2273 391 2334 luctuosius
404 2272 555 2334 vidimus?
594 2274 755 2349 Templum
775 2272 937 2331 sanctitatis
958 2271 1127 2349 amplitudi-

138 2369 193 2441 nis,
222 2369 329 2430 mentis
356 2371 458 2431 consili
486 2371 606 2449 publici,
629 2381 718 2446 caput
746 2369 836 2441 urbis,
859 2389 939 2428 aram
967 2369 1125 2442 sociorum,

138 2478 255 2543 portum
276 2466 408 2526 omnium
428 2467 567 2546 gentium,
584 2469 685 2527 sedem
707 2468 745 2526 ab
766 2466 903 2527 universo
924 2469 1035 2544 populo
1056 2487 1127 2527 con-

139 2583 253 2624 cessam
273 2564 325 2623 uni
346 2565 450 2637 ordini,
465 2565 640 2624 inflammari
659 2564 792 2624 exscindi
813 2563 962 2636 funestari,
976 2583 1075 2641 neque
1095 2564 1127 2624 id

140 2651 201 2722 fieri
222 2683 239 2722 a
259 2662 448 2724 multitudine
469 2662 614 2740 imperita,
636 2682 817 2740 quamquam
839 2672 916 2722 esset
937 2662 1075 2721 miserum
1097 2661 1128 2721 id
1145 2694 1170 2731 ²5

139 2760 245 2838 ipsum,
261 2762 313 2821 sed
328 2763 367 2822 ab
386 2766 465 2822 uno!
500 2761 568 2837 Qui·
580 2781 647 2821 cum
669 2771 786 2820 tantum
805 2778 894 2820 ausus
915 2757 952 2818 sit
971 2770 1053 2819 ustor
1073 2778 1128 2835 pro

140 2870 265 2932 mortu0,
281 2858 353 2934 quid
367 2857 485 2935 signifer
498 2877 551 2935 pro
566 2857 633 2918 vivo
647 2876 708 2916 non
723 2866 800 2916 esset
814 2858 924 2915 ausus?
965 2858 1001 2915 In
1016 2856 1127 2915 curiam

140 2955 327 3031 potissimum
343 2955 459 3028 abiecit,
474 2968 506 3015 ut
520 2975 585 3015 eam
602 2965 733 3014 mortuus
747 2954 926 3023 incenderet,
942 2971 1031 3029 quam
1042 2951 1129 3040 yivos

84 3052 125 3111 al
139 3063 288 3113 everterat.
331 3055 370 3113 Et
391 3065 459 3114 sunt
473 3052 524 3130 qui
538 3055 576 3113 de
594 3054 643 3113 via
661 3052 760 3128 Appia
774 3061 940 3127 querantur,
956 3059 1074 3109 taceant
1090 3051 1128 3110 de

141 3149 229 3221 curia,
245 3160 275 3210 et
289 3150 339 3226 qui
359 3153 396 3210 ab
419 3170 455 3211 eo
476 3151 604 3227 spirante
618 3150 713 3208 forum
730 3157 834 3223 putent
853 3145 985 3222 potuisse
1000 3145 1129 3218 defendi,
1147 3179 1175 3216 30

141 3246 225 3307 cuius
239 3266 300 3307 non
314 3246 449 3308 restiterit
460 3245 595 3305 cadaveri
605 3243 703 3305 curia!
733 3242 876 3314 Excitate‚
886 3241 1010 3301 excitate
1021 3242 1128 3318 ipsum,

142 3343 167 3403 si
187 3344 319 3420 potestis,
341 3363 359 3403 a
386 3343 525 3417 mortuis,
552 3341 689 3420 frangetis
717 3339 860 3416 impetum
889 3338 955 3412 vivi,
978 3337 1061 3398 cuius
1082 3339 1132 3398 vix

143 3439 291 3502 sustinetis
302 3439 388 3500 furias
399 3439 559 3518 insepulti?
581 3438 646 3500 Nisi
657 3457 726 3500 vero
737 3435 913 3497 sustinuistis
924 3454 985 3508 eos,
996 3435 1046 3513 qui
1060 3455 1130 3496 cum
