2430 3772
120 175 206 233 xiv·
223 170 275 254 ιι]
364 170 456 233 Pro
482 170 666 231 MILONE
697 144 872 231 onam.
1077 187 1115 246 39

120 301 222 362 lactari
243 321 303 361 non
324 311 448 378 poterat,
470 311 588 359 mortuo
609 297 740 376 denique
759 296 896 375 temptari
916 308 1041 375 coeptus
1061 309 1113 357 est.

122 402 194 459 Non
207 399 300 460 modo
314 396 401 474 igitur
415 397 488 456 nihil
502 397 634 474 prodest,
650 396 703 455 sed
718 397 804 455 obest
821 394 909 454 etiam
930 395 1018 455 Clodi
1037 412 1116 453 mors

123 491 239 554 Miloni.

182 593 223 650 At
243 589 334 649 valuit
355 587 467 661 odium,
489 585 560 647 fecit
584 583 682 658 iratus,
704 583 774 644 fecit
798 582 944 656 inimicus,
967 582 1021 642 suit
1042 584 1119 641 ultor
1133 581 1169 639 35

93 686 253 760 siniuriae,
284 685 422 762 poenitor
448 685 559 746 doloris
587 685 639 743 sui.
694 671 775 757 Quid
803 681 828 742 si
856 683 931 741 haec
959 701 1018 742 non
1048 681 1117 742 dico

123 783 234 845 maiora
261 785 378 843 suemnt
406 783 436 842 in
465 781 575 844 Clodio
602 801 693 858 quam
722 781 753 841 in
782 781 905 854 Milone,
928 781 980 840 sed
1008 779 1040 838 in
1066 779 1117 838 illo

123 880 259 952 maxima,
282 881 364 938 nulla
390 878 420 938 in
449 881 517 953 hoc,
539 877 611 955 quid
638 876 725 938 voltis
745 877 894 954 amplius?
935 876 1017 952 Quid
1037 876 1117 936 enim

123 978 235 1038 odisset
254 977 397 1040 Clodium
419 977 503 1050 Milo,
526 988 657 1053 segetem
678 995 715 1034 ac
735 972 887 1034 materiam
908 993 979 1035 suae
998 973 1116 1050 gloriae,

122 1088 260 1179 praeter
264 1076 333 1157 hoc
351 1073 437 1135 civile
462 1073 573 1147 odium,
596 1093 657 1150 quo
677 1092 783 1133 omnes
804 1072 958 1150 improbos
978 1071 1117 1132 odimus?

82 1208 107 1234 ιο
122 1147 196 1234 Ille
193 1186 255 1234 erat
269 1184 302 1233 ut
301 1137 428 1235 odisset
442 1171 570 1250 primum
581 1172 767 1232 defensorem
784 1169 885 1231 salutis
899 1189 992 1243 meae,
1008 1169 1118 1229 deinde

122 1284 293 1333 vexatorem
314 1268 426 1344 furoris,
449 1269 626 1331 domitorem
647 1289 795 1329 armorum
817 1286 945 1337 suorum,
967 1278 1118 1344 postremo

123 1367 213 1429 etiam
237 1380 442 1428 accusatorem
468 1386 569 1442 suum3
600 1386 667 1427 reus
690 1365 771 1426 enim
793 1363 916 1424 Milonis
936 1365 1002 1441 lege
1023 1362 1119 1422 Plotia

122 1465 177 1528 fuit
196 1466 329 1540 Clodius,
349 1467 450 1543 quoad
470 1464 548 1525 vixit.
592 1466 661 1540 Quo
682 1465 805 1524 tandem
826 1461 927 1521 animo
947 1463 1005 1521 hoc
1025 1470 1120 1537 tyran·

123 1582 195 1622 num
216 1562 299 1622 illum
320 1561 421 1622 tulisse
442 1559 584 1622 creditis?
619 1561 773 1635 Quantum
797 1558 899 1619 odium
927 1556 1004 1616 illius
1031 1566 1062 1616 et
1089 1555 1120 1616 in

80 1691 106 1730 ις
120 1660 243 1721 homine
257 1659 367 1719 iniusto
380 1678 470 1736 quam
484 1657 574 1718 etiam
589 1656 698 1716 iustum
713 1656 823 1715 fuisse?

121 1856 154 1931 ἐξ
167 1859 209 1927 36,
222 1860 265 1918 at.
304 1857 368 1916 The
382 1857 557 1915 characters
572 1857 607 1914 of
619 1856 674 1915 tho
691 1860 755 1915 two
771 1872 841 1914 men
856 1856 992 1916 indicate
1008 1858 1122 1927 clearly

429 1943 530 2000 which
542 1959 607 2001 was
619 1943 673 2001 the
685 1944 810 2012 plotter.

185 2068 270 2126 XIV.
315 2066 453 2127 Relicum
481 2076 526 2126 est
553 2076 586 2125 ut
617 2066 675 2125 iam
700 2065 783 2125 illum
808 2076 913 2125 natura
937 2063 1029 2142 ipsius
1052 2085 1121 2127 con·
1136 2067 1173 2125 36

124 2165 312 2241 suetudoque
333 2164 483 2236 defendat,
505 2163 586 2222 hunc
607 2175 708 2222 autem
729 2164 804 2223 haec
821 2164 927 2222 eadem
950 2176 1117 2240 coarguant

125 2263 208 2322 Nihil
233 2282 288 2341 per
313 2262 373 2323 vim
401 2282 542 2339 umquam
574 2261 707 2333 Clodius,
737 2261 838 2321 omnia
865 2280 917 2338 per
943 2262 1004 2321 vim
1034 2263 1117 2321 Milo.

126 2360 225 2436 Quid?
266 2364 340 2438 Ego,
363 2360 485 2432 iudices,
507 2379 577 2419 cum
602 2359 801 2420 maerentibus
824 2359 911 2418 vobis
936 2360 1008 2419 urbe
1034 2359 1118 2431 cessi,

81 2486 109 2514 ω
123 2453 305 2516 iudiciumne
324 2454 418 2528 timui,
434 2474 494 2515 non
516 2474 624 2527 servos
640 2474 702 2513 non
720 2474 810 2526 arma,
832 2474 893 2514 non
913 2454 994 2516 vim?
1035 2456 1120 2531 Quae

124 2554 228 2613 fuisset
242 2553 327 2631 igitur
340 2553 417 2612 iusta
435 2573 523 2612 causa
544 2551 719 2613 restituendi
740 2552 807 2624 mei,
824 2552 880 2612 nisi
894 2553 996 2613 fuisset
1012 2552 1121 2614 iniusta

125 2650 271 2712 eiciendi?
314 2649 403 2710 Diem
432 2650 514 2722 mihi,
543 2651 642 2720 cred0,
672 2650 793 2723 dixerat,
823 2652 947 2710 multam
971 2649 1116 2728 irrogarat,

125 2749 275 2808 actionem
289 2746 502 2824 perduellionis
515 2747 692 2820 intenderat,
706 2760 734 2807 et
750 2745 822 2806 mihi
836 2746 975 2808 videlicet
988 2746 1018 2806 in
1033 2767 1121 2807 causa

124 2857 176 2906 aut
190 2847 269 2906 mala
282 2855 333 2905 aut
347 2864 424 2919 mea,
438 2864 500 2905 non
516 2858 545 2905 et
561 2845 794 2922 praeclarissima
814 2857 844 2905 et
858 2858 962 2918 vestra,
979 2843 1120 2904 iudicium

82 2976 109 3014 ,ς
123 2943 292 3004 timendum
307 2943 370 3004 fuit
413 2946 569 3004 Servorum
584 2955 614 3004 et
633 2943 782 3021 egentium
805 2943 912 3004 civium
932 2954 963 3004 et
976 2945 1120 3003 facinoro-

125 3060 226 3102 sorum
242 3040 331 3100 armis
346 3060 428 3101 meos
444 3041 516 3102 civis
533 3041 607 3101 meis
625 3041 755 3101 consiliis
774 3040 972 3118 periculisque
990 3051 1120 3101 servatos

124 3159 180 3216 pro
213 3159 262 3200 me
293 3138 371 3200 obici
405 3140 496 3200 nolui.
542 3139 613 3199 Vidi
640 3139 730 3214 enim,
758 3141 819 3200 vidi
847 3143 926 3200 hunc
954 3141 1053 3216 ipsum
1084 3141 1120 3214 Q.
1136 3140 1173 3198 37

126 3233 333 3308 Hortensium,
351 3235 452 3294 lumen
466 3246 497 3295 et
511 3248 719 3295 ornamentum
737 3235 780 3295 rei
800 3235 945 3312 publicae,
961 3254 1058 3311 paene
1076 3235 1119 3294 in-

126 3331 218 3391 terfici
243 3350 393 3391 servorum
418 3350 518 3404 manu,
541 3352 609 3392 cum
637 3332 710 3392 mihi
735 3333 868 3410 adesset3
897 3351 956 3408 qua
980 3330 1011 3390 in
1035 3334 1120 3392 turba

81 3459 110 3500 30
125 3429 161 3487 C.
177 3424 322 3487 Vibienus
337 3437 464 3499 senator,
479 3427 522 3486 vir
541 3426 681 3505 optimus,
696 3445 766 3486 cum
786 3430 845 3486 hoc
862 3446 930 3485 cum
951 3438 1029 3487 esset
1051 3446 1124 3494 una,
