2430 3772
347 152 351 157 ⁴
440 200 680 261 APPENDJX
703 200 744 261 A.
1035 217 1090 277 145

97 328 179 379 aditus
190 329 323 394 Pompeius
334 328 472 392 disposuit;
488 329 542 392 ipse
552 343 598 392 pro
609 327 711 387 aerario,
724 332 752 378 ut
767 326 854 392 pridie,
869 327 980 378 consedit
994 337 1093 395 saeptus

98 394 194 443 delecta
209 409 285 442 manu
301 394 415 442 militum.
451 393 555 442 Sortitio
571 392 660 442 deinde
672 393 780 441 iudicum
792 408 807 441 a
818 393 899 458 primo
910 394 951 442 die
961 393 1027 442 sacta
1037 401 1091 456 est;
1103 385 1140 444 42

97 465 154 523 post
165 464 262 507 tantum
273 458 398 506 silentium
410 465 463 506 toto
474 457 528 506 soro
539 456 593 516 suit,
607 464 726 520 quantum
738 471 791 506 esse
802 457 829 505 in
839 457 923 521 aliquo
934 457 988 506 loro
999 465 1088 522 potest.

97 523 163 572 Tum
174 523 239 570 intra
249 521 337 571 horam
348 522 481 571 secundam
492 527 646 570 accusatores
657 527 791 584 coeperunt
801 520 891 581 dicere,
905 524 948 586 Ap
966 523 1003 571 ius
1013 525 1094 575 maior

97 593 122 636 et
134 588 170 636 M.
185 587 310 636 Antonius
321 593 346 635 et
358 587 385 636 P.
400 585 514 634 Valerius
525 585 612 649 Nepos
615 602 624 646 ;
641 585 680 634 usi
690 593 748 634 sunt
758 601 789 635 ex
800 585 855 649 lege
866 585 933 636 horis
944 538 1048 638 ‹luabus

146 651 287 715 Respondit
297 650 336 699 his
346 665 410 698 unus
421 652 458 699 M.
473 648 561 699 Cicero
567 667 575 711 3
592 657 617 699 et
627 665 684 698 cum
694 650 844 713 quibusdam
854 651 987 714 placuisset
1000 653 1034 701 ita
1048 653 1091 703 de·

96 715 164 765 feudi
181 716 283 772 crimen,
301 714 407 764 interfici
424 715 543 764 Clodium
560 729 608 778 pro
625 730 652 763 re
670 715 772 779 publica
789 714 864 764 fuisse
883 714 968 780 (quam
987 716 1092 767 formam

98 781 135 830 M.
148 780 352 830 Brutus'secutus
369 787 406 829 est
422 779 449 828 in
465 794 496 828 ea
511 780 632 835 oratione,
643 795 719 844 quam
735 794 782 843 pro
798 779 896 829 Milone
913 783 1050 845 composuit
1066 789 1093 833 et

97 845 182 902 edidit,
195 845 266 909 quasi
282 842 392 909 egisset),
406 843 520 894 Ciceroni
537 843 563 892 id
579 859 630 892 non
647 843 748 907 placuit,
761 843 832 908 quasi
848 844 892 908 qui
907 844 975 894 bono
990 846 1092 910 publico

96 910 216 970 damnari,
234 909 302 958 idem
318 909 393 958 etiam
411 907 491 958 occidi
507 908 664 957 indemnatus
680 913 771 972 posset.
807 909 897 972 Itaque
915 925 972 958 curn
990 911 1092 961 insidias

98 975 219 1024 Milouem
230 974 323 1024 Clodio
333 974 420 1024 fecisse
431 973 569 1038 posuissent
580 980 742 1032 accusatores,
753 972 812 1036 quia
821 972 911 1022 falsum
922 974 947 1022 id
959 980 1011 1023 erat
1023 975 1092 1034 (nam

96 1039 158 1088 forte
172 1038 217 1088 illa
230 1038 284 1087 rixa
298 1038 430 1087 commissa
443 1037 542 1098 fiterat),
556 1037 644 1087 Cicero
658 1036 823 1101 apprehendit
837 1045 862 1088 et
878 1044 963 1087 contra
974 1039 1091 1089 Clodium

97 1103 186 1155 Miloni
197 1103 284 1152 fecisse
294 1103 396 1152 iusidias
406 1102 550 1166 disputavit,
563 1117 643 1165 eoque
654 1107 708 1151 tota
718 1101 797 1150 oratio
810 1102 863 1152 eius
877 1102 1006 1166 spectavit.
1040 1105 1091 1154 Sed

96 1168 131 1217 ita
145 1169 263 1226 constitit,
274 1173 302 1216 ut
317 1167 433 1227 diximus,
447 1167 556 1216 neutrius
570 1167 674 1215 consilio
688 1173 824 1230 pugnatum
836 1182 889 1216 esse
900 1183 930 1216 eo
941 1167 990 1228 die,
1003 1183 1091 1218 verum

96 1238 120 1282 et
134 1232 198 1283 forte
212 1233 347 1282 occurrisse
361 1238 386 1281 et
400 1246 431 1280 ex
442 1231 495 1281 rixa
509 1246 635 1280 servorum
649 1232 681 1279 ad
692 1231 794 1279 caedem
805 1238 959 1294 perventum.
994 1233 1091 1284 Notum

96 1305 178 1348 tamen
189 1305 242 1347 erat
252 1304 384 1360 utrumque
394 1303 500 1345 mortem
511 1295 582 1344 alteri
593 1310 667 1360 saepe
677 1296 798 1344 minatum
808 1312 870 1357 esse,
883 1304 908 1345 et
919 1297 982 1346 sicut
992 1312 1090 1362 suspec-

96 1369 147 1412 tum
159 1362 283 1412 Milonem
294 1361 373 1410 maior
383 1376 459 1424 quam
471 1360 545 1410 Clodi
557 1360 651 1409 familia
661 1360 775 1420 faciebat,
789 1360 825 1410 ita
835 1361 974 1424 expeditior
984 1369 1009 1411 ct
1019 1378 1090 1427 para-

96 1428 143 1476 tior
153 1429 186 1476 ad
196 1442 307 1492 pugnam
319 1426 497 1475 Clodianorum
506 1440 581 1490 quam
590 1425 692 1474 Milonis
701 1425 789 1474 suerat.
812 1425 964 1476 Cicerocum
972 1426 1092 1491 inciperet

96 1491 184 1552 dicere,
201 1499 319 1556 exceptus
335 1490 513 1540 acclamatione
530 1489 717 1550 Clodianorum,
732 1489 774 1553 qui
790 1504 817 1539 se
833 1491 959 1539 continere
975 1505 1007 1541 ne
1023 1500 1090 1542 metu

96 1556 195 1619 quidem
212 1555 422 1605 circumstantium
439 1554 547 1603 militum
563 1560 709 1617 potuerunt;
725 1554 810 1617 itaque
825 1569 876 1602 nou
892 1569 922 1602 ea
938 1570 988 1618 qua
1003 1555 1091 1607 solitus

96 1628 147 1669 erat
164 1621 304 1670 constantia
320 1619 392 1667 dixit.
425 1619 514 1668 Manet
532 1627 616 1667 autem
633 1618 677 1667 illa
713 1633 794 1682 uoque
811 1627 916 1682 excepta
932 1619 985 1668 eius
1002 1616 1089 1669 oratio.

96 1684 199 1760 Scripsit
214 1699 275 1737 vero
291 1683 357 1734 banc
373 1698 448 1749 quam
466 1683 580 1748 legimus,
600 1683 635 1732 ita
652 1633 768 1748 perlecta,
787 1688 816 1734 ut
834 1682 886 1734 iure
904 1682 986 1749 prima
1003 1683 1090 1736 baberi

95 1757 179 1814 possit.

469 2123 714 2179 ENARRATIO.

143 2304 165 2371 (ἕ
185 2306 220 2372 3.)
253 2306 351 2358 Unum
373 2322 464 2373 genus
488 2312 533 2358 est
554 2307 709 2358 adversum
732 2304 933 2372 infestumque
956 2305 1043 2358 nobis
1064 2312 1089 2357 et

95 2379 159 2421 ceter

142 2389 183 2486 Itaa
196 2442 224 2485 ut
238 2435 266 2485 in
282 2450 371 2485 causae
387 2436 542 2500 expositione
556 2436 671 2491 diximus,
683 2436 812 2484 Munatius
827 2436 933 2485 Plancus
947 2435 1028 2500 pridie
1042 2451 1088 2501 pro
1099 2419 1137 2478 43

95 2500 208 2550 contione
219 2500 342 2565 populum
353 2500 497 2550 adhortatus
507 2508 568 2559 erat,
580 2516 613 2549 ne
623 2507 748 2564 pateretur
758 2498 824 2549 elabi
835 2500 966 2549 Milonem.

144 2566 168 2625 (5
181 2567 231 2626 12.)
265 2564 429 2615 Declarant
440 2564 526 2614 huius
537 2565 665 2614 ambusti
676 2565 789 2614 tribuni
800 2565 899 2628 plebis
910 2564 982 2613 illae
996 2564 1088 2614 inter·

95 2635 227 2680 mortuae
253 2629 417 2690 contiones,
441 2630 553 2694 quibus
578 2629 719 2695 quotidie
742 2644 835 2679 meam
856 2630 1023 2694 potentiam
1043 2628 1088 2678 in·

95 2693 215 2743 vidiose
231 2693 453 2744 criminabatur.

141 2758 172 2807 T.
187 2759 316 2807 Munatius
331 2759 437 2808 Plancus
451 2765 476 2808 et
491 2757 524 2821 Q.
541 2759 674 2824 Pompeius
689 2757 769 2808 Rufus
783 2756 875 2808 tribuni
890 2756 936 2822 pl.,
953 2757 1089 2822 dequibus

94 2820 119 2870 in
130 2829 276 2887 argumento
287 2822 359 2872 huius
370 2823 489 2872 orationis
499 2823 615 2884 diximus,
628 2839 684 2873 cum
698 2831 785 2873 contra
800 2823 922 2873 Milonem
938 2822 1049 2887 Scipioni
1064 2828 1090 2870 et

96 2886 215 2951 Hypsaeo
226 2887 359 2947 studerent,
371 2880 507 2937 contionati
518 2895 575 2937 sunt
586 2903 616 2936 eo
628 2888 683 2952 ipso
694 2893 806 2964 tempore
817 2887 965 2952 plebemque
976 2890 1002 2935 in
1014 2885 1089 2936 Milo·

94 2965 150 2999 nem
163 2952 335 3012 accenderunt,
365 2968 397 3001 uo
408 2959 509 3017 propter
520 2952 594 3002 Clodi
605 2967 694 3016 corpus
707 2968 774 3001 cuna
788 2953 888 3002 incensa
902 2959 947 3011 est,
961 2966 1007 3001 nec
1022 2951 1089 3015 prius

93 3015 248 3077 destiterunt,
262 3031 337 3080 quam
346 2967 449 3066 lamma
463 3017 515 3066 eius
530 3017 638 3065 incendii
654 3016 733 3080 fugati
749 3023 806 3066 sunt
822 3031 837 3065 e
853 3016 978 3066 contione.
1011 3016 1090 3064 Erant

94 3080 161 3128 enim
175 3087 235 3130 tuuc
250 3087 328 3129 rostra
342 3096 393 3129 non
409 3096 439 3130 eo
454 3081 511 3130 loco
526 3096 575 3145 quo
591 3096 657 3129 nunc
672 3088 736 3139 sunt,
750 3081 794 3130 sed
809 3081 842 3130 ad
857 3080 993 3139 comitium,
1010 3094 1089 3143 prope

94 3144 177 3194 iuncta
187 3145 276 3195 curiae.
313 3145 354 3195 Ob
366 3145 413 3194 hoc
425 3146 456 3194 T.
469 3146 612 3194 Munatium
622 3145 788 3194 ambustum
798 3144 949 3194 tribunum
963 3143 1073 3208 appellat
1080 3160 1088 3203 3

94 3208 140 3258 suit
150 3216 234 3259 autem
245 3217 345 3274 paratus
355 3210 388 3258 ad
398 3210 539 3259 dicendum.

143 3273 226 3349 (513.)
249 3272 699 3337 Curigiturincendiumcuriae,
710 3270 963 3337 oppugnationem
971 3270 1088 3320 aedium

94 3337 132 3386 M.
147 3338 264 3402 Lepidi,
278 3339 400 3387 caedem
413 3338 489 3388 hanc
503 3339 597 3403 ipsam
612 3344 716 3387 contra
731 3352 790 3386 rem
803 3335 954 3400 publicam
969 3341 1089 3385 senatus

93 3400 202 3450 factam
214 3416 277 3451 esse
288 3402 439 3450 decrevit?

143 3465 203 3516 Post
219 3465 324 3514 biduum
340 3466 451 3516 medium
469 3479 544 3531 quam
562 3463 665 3514 Clodius
683 3462 778 3513 occisus
792 3468 855 3524 erat,
870 3462 982 3512 interrex
995 3462 1101 3522 patmus

174 3579 204 3622 R,
218 3579 252 3624 M,
1000 3567 1047 3606 &0
