<?xml version="1.0" encoding="UTF-8"?>
<!DOCTYPE html PUBLIC "-//W3C//DTD XHTML 1.0 Transitional//EN"
    "http://www.w3.org/TR/xhtml1/DTD/xhtml1-transitional.dtd">
<html xmlns="http://www.w3.org/1999/xhtml" xml:lang="en" lang="en">
 <head>
  <title>
</title>
<meta http-equiv="Content-Type" content="text/html;charset=utf-8" />
  <meta name='ocr-system' content='tesseract 3.04.00' />
  <meta name='ocr-capabilities' content='ocr_page ocr_carea ocr_par ocr_line ocrx_word'/>
</head>
<body>
  <div class='ocr_page' id='page_1' title='image "./mtulliciceronis03cicegoog_0066.png"; bbox 0 0 2430 3772; ppageno 0'>
   <div class='ocr_carea' id='block_1_1' title="bbox 115 208 1108 292">
    <p class='ocr_par' dir='ltr' id='par_1_1' title="bbox 115 208 1108 292">
     <span class='ocr_line' id='line_1_1' title="bbox 115 208 1108 292; baseline -0.004 -20"><span class='ocrx_word' id='word_1_1' title='bbox 115 214 256 273; x_wconf 74' lang='lat' dir='ltr'>xxxiv</span> <span class='ocrx_word' id='word_1_2' title='bbox 271 208 322 292; x_wconf 77' lang='lat'>93]</span> <span class='ocrx_word' id='word_1_3' title='bbox 362 213 454 272; x_wconf 76' lang='lat' dir='ltr'>Pro</span> <span class='ocrx_word' id='word_1_4' title='bbox 480 211 664 272; x_wconf 70' lang='lat' dir='ltr'><em>MILONE</em></span> <span class='ocrx_word' id='word_1_5' title='bbox 694 211 869 272; x_wconf 65' lang='lat' dir='ltr'>enarro.</span> <span class='ocrx_word' id='word_1_6' title='bbox 1072 213 1108 268; x_wconf 90' lang='lat'>61</span> 
     </span>
    </p>
   </div>
   <div class='ocr_carea' id='block_1_2' title="bbox 93 334 1114 1006">
    <p class='ocr_par' dir='ltr' id='par_1_2' title="bbox 120 334 1112 711">
     <span class='ocr_line' id='line_1_2' title="bbox 121 334 1111 414; baseline -0.008 -11"><span class='ocrx_word' id='word_1_7' title='bbox 121 344 233 404; x_wconf 78' lang='lat' dir='ltr'>facibus</span> <span class='ocrx_word' id='word_1_8' title='bbox 244 344 283 403; x_wconf 89' lang='lat' dir='ltr'>ad</span> <span class='ocrx_word' id='word_1_9' title='bbox 294 340 406 402; x_wconf 89' lang='lat' dir='ltr'>curiam</span> <span class='ocrx_word' id='word_1_10' title='bbox 417 351 614 414; x_wconf 90' lang='lat' dir='ltr'>cucurrerunt,</span> <span class='ocrx_word' id='word_1_11' title='bbox 627 361 694 400; x_wconf 92' lang='lat' dir='ltr'>cum</span> <span class='ocrx_word' id='word_1_12' title='bbox 706 334 833 400; x_wconf 86' lang='lat' dir='ltr'>falcibus</span> <span class='ocrx_word' id='word_1_13' title='bbox 843 340 883 399; x_wconf 94' lang='lat' dir='ltr'>ad</span> <span class='ocrx_word' id='word_1_14' title='bbox 894 335 1032 409; x_wconf 89' lang='lat' dir='ltr'>Castoris,</span> <span class='ocrx_word' id='word_1_15' title='bbox 1044 356 1111 397; x_wconf 88' lang='lat' dir='ltr'>cum</span> 
     </span>
     <span class='ocr_line' id='line_1_3' title="bbox 120 435 1110 519; baseline -0.005 -20"><span class='ocrx_word' id='word_1_16' title='bbox 120 440 225 519; x_wconf 89' lang='lat' dir='ltr'>gladiis</span> <span class='ocrx_word' id='word_1_17' title='bbox 247 452 313 501; x_wconf 92' lang='lat' dir='ltr'>toto</span> <span class='ocrx_word' id='word_1_18' title='bbox 333 441 398 501; x_wconf 82' lang='lat' dir='ltr'>soro</span> <span class='ocrx_word' id='word_1_19' title='bbox 424 439 591 499; x_wconf 85' lang='lat' dir='ltr'><strong>volitarunt.</strong></span> <span class='ocrx_word' id='word_1_20' title='bbox 635 436 729 498; x_wconf 85' lang='lat' dir='ltr'>Caedi</span> <span class='ocrx_word' id='word_1_21' title='bbox 750 435 863 496; x_wconf 90' lang='lat' dir='ltr'>vidistis</span> <span class='ocrx_word' id='word_1_22' title='bbox 884 435 1027 512; x_wconf 91' lang='lat' dir='ltr'>populum</span> <span class='ocrx_word' id='word_1_23' title='bbox 1049 437 1110 494; x_wconf 91' lang='lat' dir='ltr'>Ro·</span> 
     </span>
     <span class='ocr_line' id='line_1_4' title="bbox 120 532 1112 615; baseline -0.01 -12"><span class='ocrx_word' id='word_1_24' title='bbox 120 559 250 610; x_wconf 84' lang='lat' dir='ltr'>manum,</span> <span class='ocrx_word' id='word_1_25' title='bbox 265 538 437 598; x_wconf 87' lang='lat' dir='ltr'>contionem</span> <span class='ocrx_word' id='word_1_26' title='bbox 451 537 556 615; x_wconf 82' lang='lat' dir='ltr'>gladiis</span> <span class='ocrx_word' id='word_1_27' title='bbox 570 533 735 608; x_wconf 90' lang='lat' dir='ltr'>disturbari,</span> <span class='ocrx_word' id='word_1_28' title='bbox 750 554 818 594; x_wconf 92' lang='lat' dir='ltr'>cum</span> <span class='ocrx_word' id='word_1_29' title='bbox 833 534 982 594; x_wconf 86' lang='lat' dir='ltr'>audiretur</span> <span class='ocrx_word' id='word_1_30' title='bbox 995 532 1112 593; x_wconf 91' lang='lat' dir='ltr'>silentio</span> 
     </span>
     <span class='ocr_line' id='line_1_5' title="bbox 122 630 1112 711; baseline -0.008 -14"><span class='ocrx_word' id='word_1_31' title='bbox 122 640 165 696; x_wconf 94' lang='lat' dir='ltr'>M.</span> <span class='ocrx_word' id='word_1_32' title='bbox 177 636 296 697; x_wconf 91' lang='lat' dir='ltr'>Caelius</span> <span class='ocrx_word' id='word_1_33' title='bbox 307 634 441 695; x_wconf 87' lang='lat' dir='ltr'>tribunus</span> <span class='ocrx_word' id='word_1_34' title='bbox 456 633 560 711; x_wconf 90' lang='lat' dir='ltr'>plebis,</span> <span class='ocrx_word' id='word_1_35' title='bbox 572 632 616 692; x_wconf 92' lang='lat' dir='ltr'>vir</span> <span class='ocrx_word' id='word_1_36' title='bbox 629 643 659 692; x_wconf 94' lang='lat' dir='ltr'>et</span> <span class='ocrx_word' id='word_1_37' title='bbox 674 632 750 691; x_wconf 89' lang='lat' dir='ltr'>inre</span> <span class='ocrx_word' id='word_1_38' title='bbox 764 630 882 709; x_wconf 89' lang='lat' dir='ltr'>publica</span> <span class='ocrx_word' id='word_1_39' title='bbox 896 631 1068 691; x_wconf 83' lang='lat' dir='ltr'>fortissimus</span> <span class='ocrx_word' id='word_1_40' title='bbox 1082 641 1112 691; x_wconf 89' lang='lat' dir='ltr'>et</span> 
     </span>
    </p>

    <p class='ocr_par' dir='ltr' id='par_1_3' title="bbox 93 728 1114 1006">
     <span class='ocr_line' id='line_1_6' title="bbox 93 728 1114 809; baseline -0.003 -17"><span class='ocrx_word' id='word_1_41' title='bbox 93 767 106 804; x_wconf 67' lang='lat'>5</span> <span class='ocrx_word' id='word_1_42' title='bbox 120 732 150 792; x_wconf 93' lang='lat' dir='ltr'>in</span> <span class='ocrx_word' id='word_1_43' title='bbox 164 743 303 809; x_wconf 91' lang='lat' dir='ltr'>suscepta</span> <span class='ocrx_word' id='word_1_44' title='bbox 316 752 406 793; x_wconf 92' lang='lat' dir='ltr'>causa</span> <span class='ocrx_word' id='word_1_45' title='bbox 418 732 600 792; x_wconf 88' lang='lat' dir='ltr'>firmissimus</span> <span class='ocrx_word' id='word_1_46' title='bbox 615 742 645 790; x_wconf 89' lang='lat' dir='ltr'>et</span> <span class='ocrx_word' id='word_1_47' title='bbox 656 732 803 791; x_wconf 90' lang='lat' dir='ltr'>bonomm</span> <span class='ocrx_word' id='word_1_48' title='bbox 814 728 958 789; x_wconf 88' lang='lat' dir='ltr'>voluntati</span> <span class='ocrx_word' id='word_1_49' title='bbox 973 740 1001 788; x_wconf 90' lang='lat' dir='ltr'>et</span> <span class='ocrx_word' id='word_1_50' title='bbox 1015 740 1114 789; x_wconf 84' lang='lat' dir='ltr'>aucto</span> 
     </span>
     <span class='ocr_line' id='line_1_7' title="bbox 120 825 1112 891; baseline -0.004 0"><span class='ocrx_word' id='word_1_51' title='bbox 120 831 198 891; x_wconf 83' lang='lat' dir='ltr'>ritati</span> <span class='ocrx_word' id='word_1_52' title='bbox 221 843 339 891; x_wconf 90' lang='lat' dir='ltr'>senatus</span> <span class='ocrx_word' id='word_1_53' title='bbox 360 831 478 891; x_wconf 89' lang='lat' dir='ltr'>deditus</span> <span class='ocrx_word' id='word_1_54' title='bbox 499 843 529 891; x_wconf 92' lang='lat' dir='ltr'>et</span> <span class='ocrx_word' id='word_1_55' title='bbox 553 830 583 889; x_wconf 94' lang='lat' dir='ltr'>in</span> <span class='ocrx_word' id='word_1_56' title='bbox 607 831 665 888; x_wconf 91' lang='lat' dir='ltr'>hac</span> <span class='ocrx_word' id='word_1_57' title='bbox 687 827 809 888; x_wconf 86' lang='lat' dir='ltr'>Milonis</span> <span class='ocrx_word' id='word_1_58' title='bbox 830 827 892 886; x_wconf 92' lang='lat' dir='ltr'>sive</span> <span class='ocrx_word' id='word_1_59' title='bbox 917 826 1027 886; x_wconf 91' lang='lat' dir='ltr'>invidia</span> <span class='ocrx_word' id='word_1_60' title='bbox 1050 825 1112 887; x_wconf 91' lang='lat' dir='ltr'>sive</span> 
     </span>
     <span class='ocr_line' id='line_1_8' title="bbox 120 926 809 1006; baseline -0.007 -17"><span class='ocrx_word' id='word_1_61' title='bbox 120 931 239 990; x_wconf 86' lang='lat' dir='ltr'>fortuna</span> <span class='ocrx_word' id='word_1_62' title='bbox 254 929 392 1006; x_wconf 86' lang='lat' dir='ltr'>singulari</span> <span class='ocrx_word' id='word_1_63' title='bbox 407 928 508 988; x_wconf 89' lang='lat' dir='ltr'>divina</span> <span class='ocrx_word' id='word_1_64' title='bbox 521 939 550 988; x_wconf 91' lang='lat' dir='ltr'>et</span> <span class='ocrx_word' id='word_1_65' title='bbox 564 926 729 987; x_wconf 89' lang='lat' dir='ltr'>incredibili</span> <span class='ocrx_word' id='word_1_66' title='bbox 743 927 809 985; x_wconf 88' lang='lat' dir='ltr'>fide.</span> 
     </span>
    </p>
   </div>
   <div class='ocr_carea' id='block_1_3' title="bbox 120 1123 1112 1281">
    <p class='ocr_par' dir='ltr' id='par_1_4' title="bbox 120 1123 1112 1281">
     <span class='ocr_line' id='line_1_9' title="bbox 120 1123 1112 1198; baseline -0.005 -13"><span class='ocrx_word' id='word_1_67' title='bbox 120 1124 151 1198; x_wconf 66' lang='lat' dir='ltr'>§l</span> <span class='ocrx_word' id='word_1_68' title='bbox 164 1127 289 1184; x_wconf 73' lang='lat'>92-102</span> <span class='ocrx_word' id='word_1_69' title='bbox 326 1126 342 1183; x_wconf 93' lang='lat'>1</span> <span class='ocrx_word' id='word_1_70' title='bbox 359 1125 468 1193; x_wconf 81' lang='lat' dir='ltr'>appeal</span> <span class='ocrx_word' id='word_1_71' title='bbox 483 1125 531 1182; x_wconf 80' lang='lat' dir='ltr'>for</span> <span class='ocrx_word' id='word_1_72' title='bbox 548 1139 626 1192; x_wconf 81' lang='lat' dir='ltr'>your</span> <span class='ocrx_word' id='word_1_73' title='bbox 643 1124 719 1196; x_wconf 81' lang='lat' dir='ltr'>pity,</span> <span class='ocrx_word' id='word_1_74' title='bbox 736 1123 853 1192; x_wconf 73' lang='lat' dir='ltr'>though</span> <span class='ocrx_word' id='word_1_75' title='bbox 871 1123 949 1182; x_wconf 84' lang='lat' dir='ltr'>Milo</span> <span class='ocrx_word' id='word_1_76' title='bbox 967 1125 1039 1181; x_wconf 85' lang='lat' dir='ltr'>does</span> <span class='ocrx_word' id='word_1_77' title='bbox 1057 1126 1112 1181; x_wconf 84' lang='lat' dir='ltr'>not</span> 
     </span>
     <span class='ocr_line' id='line_1_10' title="bbox 190 1211 1110 1281; baseline -0.001 -10"><span class='ocrx_word' id='word_1_78' title='bbox 190 1213 282 1272; x_wconf 81' lang='lat' dir='ltr'>askit</span> <span class='ocrx_word' id='word_1_79' title='bbox 289 1211 585 1281; x_wconf 70' lang='lat' dir='ltr'>forhimselirbeing</span> <span class='ocrx_word' id='word_1_80' title='bbox 592 1215 719 1271; x_wconf 79' lang='lat' dir='ltr'>content</span> <span class='ocrx_word' id='word_1_81' title='bbox 726 1212 920 1279; x_wconf 74' lang='lat' dir='ltr'>withagood</span> <span class='ocrx_word' id='word_1_82' title='bbox 928 1212 1110 1270; x_wconf 78' lang='lat' dir='ltr'>conscience.</span> 
     </span>
    </p>
   </div>
   <div class='ocr_carea' id='block_1_4' title="bbox 81 1333 1169 3557">
    <p class='ocr_par' dir='ltr' id='par_1_5' title="bbox 81 1333 1169 3557">
     <span class='ocr_line' id='line_1_11' title="bbox 182 1333 1166 1407; baseline -0.006 -11"><span class='ocrx_word' id='word_1_83' title='bbox 182 1337 326 1396; x_wconf 91' lang='lat' dir='ltr'><strong>XXXIV.</strong></span> <span class='ocrx_word' id='word_1_84' title='bbox 369 1335 428 1395; x_wconf 88' lang='lat' dir='ltr'>Sed</span> <span class='ocrx_word' id='word_1_85' title='bbox 445 1334 503 1394; x_wconf 82' lang='lat' dir='ltr'>iam</span> <span class='ocrx_word' id='word_1_86' title='bbox 522 1336 592 1394; x_wconf 89' lang='lat' dir='ltr'>satis</span> <span class='ocrx_word' id='word_1_87' title='bbox 610 1336 703 1395; x_wconf 90' lang='lat' dir='ltr'>multa</span> <span class='ocrx_word' id='word_1_88' title='bbox 723 1335 762 1394; x_wconf 91' lang='lat' dir='ltr'>de</span> <span class='ocrx_word' id='word_1_89' title='bbox 783 1353 879 1407; x_wconf 92' lang='lat' dir='ltr'>causa,</span> <span class='ocrx_word' id='word_1_90' title='bbox 895 1344 975 1394; x_wconf 86' lang='lat' dir='ltr'>extra</span> <span class='ocrx_word' id='word_1_91' title='bbox 995 1352 1111 1392; x_wconf 88' lang='lat' dir='ltr'>causam</span> <span class='ocrx_word' id='word_1_92' title='bbox 1128 1333 1166 1390; x_wconf 82' lang='lat'>92</span> 
     </span>
     <span class='ocr_line' id='line_1_12' title="bbox 121 1431 1114 1508; baseline -0.005 -13"><span class='ocrx_word' id='word_1_93' title='bbox 121 1434 211 1495; x_wconf 91' lang='lat' dir='ltr'>etiam</span> <span class='ocrx_word' id='word_1_94' title='bbox 226 1433 313 1494; x_wconf 90' lang='lat' dir='ltr'>nimis</span> <span class='ocrx_word' id='word_1_95' title='bbox 325 1435 448 1494; x_wconf 81' lang='lat' dir='ltr'>sortasse</span> <span class='ocrx_word' id='word_1_96' title='bbox 462 1435 564 1494; x_wconf 86' lang='lat' dir='ltr'>multa.</span> <span class='ocrx_word' id='word_1_97' title='bbox 608 1433 688 1508; x_wconf 89' lang='lat' dir='ltr'>Quid</span> <span class='ocrx_word' id='word_1_98' title='bbox 702 1444 792 1492; x_wconf 89' lang='lat' dir='ltr'>restat</span> <span class='ocrx_word' id='word_1_99' title='bbox 805 1431 862 1492; x_wconf 92' lang='lat' dir='ltr'>nisi</span> <span class='ocrx_word' id='word_1_100' title='bbox 875 1444 907 1492; x_wconf 90' lang='lat' dir='ltr'>ut</span> <span class='ocrx_word' id='word_1_101' title='bbox 922 1450 1003 1491; x_wconf 90' lang='lat' dir='ltr'>orem</span> <span class='ocrx_word' id='word_1_102' title='bbox 1017 1431 1114 1491; x_wconf 91' lang='lat' dir='ltr'>obtes-</span> 
     </span>
     <span class='ocr_line' id='line_1_13' title="bbox 81 1527 1114 1608; baseline -0.005 -16"><span class='ocrx_word' id='word_1_103' title='bbox 81 1567 106 1592; x_wconf 91' lang='lat'>10</span> <span class='ocrx_word' id='word_1_104' title='bbox 120 1545 224 1608; x_wconf 90' lang='lat' dir='ltr'>terque</span> <span class='ocrx_word' id='word_1_105' title='bbox 244 1550 307 1604; x_wconf 93' lang='lat' dir='ltr'>vos,</span> <span class='ocrx_word' id='word_1_106' title='bbox 327 1530 448 1603; x_wconf 89' lang='lat' dir='ltr'>iudices,</span> <span class='ocrx_word' id='word_1_107' title='bbox 467 1542 500 1590; x_wconf 90' lang='lat' dir='ltr'>ut</span> <span class='ocrx_word' id='word_1_108' title='bbox 525 1550 591 1590; x_wconf 92' lang='lat' dir='ltr'>eam</span> <span class='ocrx_word' id='word_1_109' title='bbox 612 1529 843 1590; x_wconf 89' lang='lat' dir='ltr'>misericordiam</span> <span class='ocrx_word' id='word_1_110' title='bbox 866 1527 999 1588; x_wconf 90' lang='lat' dir='ltr'>tribuatis</span> <span class='ocrx_word' id='word_1_111' title='bbox 1020 1527 1114 1588; x_wconf 85' lang='lat' dir='ltr'>fortis-</span> 
     </span>
     <span class='ocr_line' id='line_1_14' title="bbox 122 1625 1113 1706; baseline -0.005 -16"><span class='ocrx_word' id='word_1_112' title='bbox 122 1631 198 1690; x_wconf 87' lang='lat' dir='ltr'>simo</span> <span class='ocrx_word' id='word_1_113' title='bbox 214 1628 286 1699; x_wconf 85' lang='lat' dir='ltr'>viro,</span> <span class='ocrx_word' id='word_1_114' title='bbox 302 1646 392 1706; x_wconf 89' lang='lat' dir='ltr'>quam</span> <span class='ocrx_word' id='word_1_115' title='bbox 413 1625 477 1704; x_wconf 92' lang='lat' dir='ltr'>ipse</span> <span class='ocrx_word' id='word_1_116' title='bbox 498 1647 560 1687; x_wconf 93' lang='lat' dir='ltr'>non</span> <span class='ocrx_word' id='word_1_117' title='bbox 580 1626 728 1703; x_wconf 88' lang='lat' dir='ltr'>implorat,</span> <span class='ocrx_word' id='word_1_118' title='bbox 744 1646 799 1704; x_wconf 89' lang='lat' dir='ltr'>ego</span> <span class='ocrx_word' id='word_1_119' title='bbox 821 1625 910 1686; x_wconf 89' lang='lat' dir='ltr'>etiam</span> <span class='ocrx_word' id='word_1_120' title='bbox 932 1638 1113 1703; x_wconf 86' lang='lat' dir='ltr'>repugnante</span> 
     </span>
     <span class='ocr_line' id='line_1_15' title="bbox 122 1721 1112 1804; baseline -0.007 -16"><span class='ocrx_word' id='word_1_121' title='bbox 122 1729 180 1788; x_wconf 92' lang='lat' dir='ltr'>hoc</span> <span class='ocrx_word' id='word_1_122' title='bbox 196 1739 227 1788; x_wconf 91' lang='lat' dir='ltr'>et</span> <span class='ocrx_word' id='word_1_123' title='bbox 244 1727 371 1804; x_wconf 90' lang='lat' dir='ltr'>imploro</span> <span class='ocrx_word' id='word_1_124' title='bbox 391 1735 421 1784; x_wconf 91' lang='lat' dir='ltr'>et</span> <span class='ocrx_word' id='word_1_125' title='bbox 442 1726 595 1800; x_wconf 85' lang='lat' dir='ltr'>exposco?</span> <span class='ocrx_word' id='word_1_126' title='bbox 635 1723 745 1797; x_wconf 89' lang='lat' dir='ltr'>Nolite,</span> <span class='ocrx_word' id='word_1_127' title='bbox 761 1723 785 1782; x_wconf 88' lang='lat' dir='ltr'>si</span> <span class='ocrx_word' id='word_1_128' title='bbox 806 1721 836 1781; x_wconf 88' lang='lat' dir='ltr'>in</span> <span class='ocrx_word' id='word_1_129' title='bbox 857 1734 958 1782; x_wconf 90' lang='lat' dir='ltr'>nostro</span> <span class='ocrx_word' id='word_1_130' title='bbox 979 1722 1112 1782; x_wconf 91' lang='lat' dir='ltr'>omnium</span> 
     </span>
     <span class='ocr_line' id='line_1_16' title="bbox 121 1821 1114 1898; baseline -0.007 -12"><span class='ocrx_word' id='word_1_131' title='bbox 121 1826 193 1886; x_wconf 87' lang='lat' dir='ltr'>fletu</span> <span class='ocrx_word' id='word_1_132' title='bbox 206 1827 318 1884; x_wconf 90' lang='lat' dir='ltr'>nullam</span> <span class='ocrx_word' id='word_1_133' title='bbox 332 1822 483 1883; x_wconf 90' lang='lat' dir='ltr'>lacrimam</span> <span class='ocrx_word' id='word_1_134' title='bbox 497 1821 673 1898; x_wconf 87' lang='lat' dir='ltr'>adspexistis</span> <span class='ocrx_word' id='word_1_135' title='bbox 689 1821 819 1893; x_wconf 89' lang='lat' dir='ltr'>Milonis,</span> <span class='ocrx_word' id='word_1_136' title='bbox 833 1821 856 1880; x_wconf 93' lang='lat' dir='ltr'>si</span> <span class='ocrx_word' id='word_1_137' title='bbox 871 1823 982 1880; x_wconf 91' lang='lat' dir='ltr'>voltum</span> <span class='ocrx_word' id='word_1_138' title='bbox 997 1841 1114 1898; x_wconf 89' lang='lat' dir='ltr'>semper</span> 
     </span>
     <span class='ocr_line' id='line_1_17' title="bbox 122 1919 1113 1994; baseline -0.005 -11"><span class='ocrx_word' id='word_1_139' title='bbox 122 1925 260 1994; x_wconf 91' lang='lat' dir='ltr'>eundem,</span> <span class='ocrx_word' id='word_1_140' title='bbox 277 1921 302 1981; x_wconf 94' lang='lat' dir='ltr'>si</span> <span class='ocrx_word' id='word_1_141' title='bbox 319 1940 433 1991; x_wconf 88' lang='lat' dir='ltr'>vocem,</span> <span class='ocrx_word' id='word_1_142' title='bbox 449 1919 474 1979; x_wconf 90' lang='lat' dir='ltr'>si</span> <span class='ocrx_word' id='word_1_143' title='bbox 493 1919 656 1979; x_wconf 89' lang='lat' dir='ltr'>orationem</span> <span class='ocrx_word' id='word_1_144' title='bbox 674 1919 810 1980; x_wconf 89' lang='lat' dir='ltr'>stabilem</span> <span class='ocrx_word' id='word_1_145' title='bbox 830 1940 867 1979; x_wconf 90' lang='lat' dir='ltr'>ac</span> <span class='ocrx_word' id='word_1_146' title='bbox 887 1939 949 1979; x_wconf 91' lang='lat' dir='ltr'>non</span> <span class='ocrx_word' id='word_1_147' title='bbox 970 1930 1113 1979; x_wconf 91' lang='lat' dir='ltr'>mutatam</span> 
     </span>
     <span class='ocr_line' id='line_1_18' title="bbox 81 2016 1112 2095; baseline -0.002 -16"><span class='ocrx_word' id='word_1_148' title='bbox 81 2053 105 2090; x_wconf 67' lang='grc' dir='ltr'>ις</span> <span class='ocrx_word' id='word_1_149' title='bbox 120 2020 235 2092; x_wconf 79' lang='lat' dir='ltr'>videtiS,</span> <span class='ocrx_word' id='word_1_150' title='bbox 251 2020 309 2079; x_wconf 93' lang='lat' dir='ltr'>hoc</span> <span class='ocrx_word' id='word_1_151' title='bbox 324 2018 420 2078; x_wconf 92' lang='lat' dir='ltr'>minus</span> <span class='ocrx_word' id='word_1_152' title='bbox 435 2017 463 2077; x_wconf 91' lang='lat' dir='ltr'>ei</span> <span class='ocrx_word' id='word_1_153' title='bbox 477 2038 597 2095; x_wconf 82' lang='lat' dir='ltr'>parcere</span> <span class='ocrx_word' id='word_1_154' title='bbox 606 2043 614 2095; x_wconf 87' lang='lat'>;</span> <span class='ocrx_word' id='word_1_155' title='bbox 636 2021 715 2079; x_wconf 90' lang='lat' dir='ltr'>haud</span> <span class='ocrx_word' id='word_1_156' title='bbox 730 2017 791 2079; x_wconf 93' lang='lat' dir='ltr'>scio</span> <span class='ocrx_word' id='word_1_157' title='bbox 806 2038 845 2077; x_wconf 89' lang='lat' dir='ltr'>an</span> <span class='ocrx_word' id='word_1_158' title='bbox 860 2019 953 2078; x_wconf 92' lang='lat' dir='ltr'>multo</span> <span class='ocrx_word' id='word_1_159' title='bbox 968 2017 1005 2078; x_wconf 90' lang='lat' dir='ltr'>sit</span> <span class='ocrx_word' id='word_1_160' title='bbox 1024 2016 1112 2078; x_wconf 89' lang='lat' dir='ltr'>etiam</span> 
     </span>
     <span class='ocr_line' id='line_1_19' title="bbox 122 2113 1114 2193; baseline -0.003 -16"><span class='ocrx_word' id='word_1_161' title='bbox 122 2117 308 2177; x_wconf 84' lang='lat' dir='ltr'>adiuvandus</span> <span class='ocrx_word' id='word_1_162' title='bbox 327 2114 428 2192; x_wconf 87' lang='lat' dir='ltr'>magis.</span> <span class='ocrx_word' id='word_1_163' title='bbox 472 2116 590 2174; x_wconf 90' lang='lat' dir='ltr'>Etenim</span> <span class='ocrx_word' id='word_1_164' title='bbox 608 2115 633 2174; x_wconf 89' lang='lat' dir='ltr'>si</span> <span class='ocrx_word' id='word_1_165' title='bbox 654 2115 684 2174; x_wconf 93' lang='lat' dir='ltr'>in</span> <span class='ocrx_word' id='word_1_166' title='bbox 705 2113 885 2192; x_wconf 89' lang='lat' dir='ltr'>gladiatoriis</span> <span class='ocrx_word' id='word_1_167' title='bbox 906 2114 1012 2193; x_wconf 87' lang='lat' dir='ltr'>pugnis</span> <span class='ocrx_word' id='word_1_168' title='bbox 1033 2115 1114 2176; x_wconf 89' lang='lat' dir='ltr'>etin</span> 
     </span>
     <span class='ocr_line' id='line_1_20' title="bbox 123 2210 1114 2292; baseline 0 -19"><span class='ocrx_word' id='word_1_169' title='bbox 123 2214 217 2274; x_wconf 90' lang='lat' dir='ltr'>infimi</span> <span class='ocrx_word' id='word_1_170' title='bbox 238 2212 353 2292; x_wconf 87' lang='lat' dir='ltr'>generis</span> <span class='ocrx_word' id='word_1_171' title='bbox 374 2210 530 2271; x_wconf 90' lang='lat' dir='ltr'>hominum</span> <span class='ocrx_word' id='word_1_172' title='bbox 552 2211 729 2273; x_wconf 89' lang='lat' dir='ltr'>condicione</span> <span class='ocrx_word' id='word_1_173' title='bbox 750 2224 840 2289; x_wconf 89' lang='lat' dir='ltr'>atque</span> <span class='ocrx_word' id='word_1_174' title='bbox 858 2214 976 2273; x_wconf 84' lang='lat' dir='ltr'>fortuna</span> <span class='ocrx_word' id='word_1_175' title='bbox 994 2212 1114 2273; x_wconf 91' lang='lat' dir='ltr'>timidos</span> 
     </span>
     <span class='ocr_line' id='line_1_21' title="bbox 122 2308 1114 2389; baseline -0.002 -17"><span class='ocrx_word' id='word_1_176' title='bbox 122 2324 212 2389; x_wconf 89' lang='lat' dir='ltr'>atque</span> <span class='ocrx_word' id='word_1_177' title='bbox 229 2311 377 2389; x_wconf 90' lang='lat' dir='ltr'>supplices</span> <span class='ocrx_word' id='word_1_178' title='bbox 398 2320 429 2369; x_wconf 91' lang='lat' dir='ltr'>et</span> <span class='ocrx_word' id='word_1_179' title='bbox 449 2319 481 2368; x_wconf 93' lang='lat' dir='ltr'>ut</span> <span class='ocrx_word' id='word_1_180' title='bbox 494 2309 591 2369; x_wconf 91' lang='lat' dir='ltr'>vivere</span> <span class='ocrx_word' id='word_1_181' title='bbox 608 2310 696 2371; x_wconf 90' lang='lat' dir='ltr'>liceat</span> <span class='ocrx_word' id='word_1_182' title='bbox 710 2309 892 2371; x_wconf 83' lang='lat' dir='ltr'>obsecrantis</span> <span class='ocrx_word' id='word_1_183' title='bbox 912 2308 1001 2370; x_wconf 87' lang='lat' dir='ltr'>etiam</span> <span class='ocrx_word' id='word_1_184' title='bbox 1016 2310 1114 2370; x_wconf 90' lang='lat' dir='ltr'>odisse</span> 
     </span>
     <span class='ocr_line' id='line_1_22' title="bbox 123 2406 1115 2484; baseline -0.003 -15"><span class='ocrx_word' id='word_1_185' title='bbox 123 2412 261 2480; x_wconf 91' lang='lat' dir='ltr'>solemus,</span> <span class='ocrx_word' id='word_1_186' title='bbox 283 2407 366 2468; x_wconf 84' lang='lat' dir='ltr'>fortis</span> <span class='ocrx_word' id='word_1_187' title='bbox 387 2417 477 2483; x_wconf 88' lang='lat' dir='ltr'>atque</span> <span class='ocrx_word' id='word_1_188' title='bbox 498 2406 649 2466; x_wconf 90' lang='lat' dir='ltr'>animosos</span> <span class='ocrx_word' id='word_1_189' title='bbox 670 2418 700 2467; x_wconf 88' lang='lat' dir='ltr'>et</span> <span class='ocrx_word' id='word_1_190' title='bbox 728 2427 759 2468; x_wconf 91' lang='lat' dir='ltr'>se</span> <span class='ocrx_word' id='word_1_191' title='bbox 787 2407 891 2468; x_wconf 89' lang='lat' dir='ltr'>acriter</span> <span class='ocrx_word' id='word_1_192' title='bbox 918 2407 998 2484; x_wconf 91' lang='lat' dir='ltr'>ipsos</span> <span class='ocrx_word' id='word_1_193' title='bbox 1026 2407 1115 2467; x_wconf 90' lang='lat' dir='ltr'>morti</span> 
     </span>
     <span class='ocr_line' id='line_1_23' title="bbox 81 2502 1113 2584; baseline -0.003 -17"><span class='ocrx_word' id='word_1_194' title='bbox 81 2506 270 2568; x_wconf 55' lang='lat' dir='ltr'>„offerentis</span> <span class='ocrx_word' id='word_1_195' title='bbox 295 2525 409 2566; x_wconf 90' lang='lat' dir='ltr'>servare</span> <span class='ocrx_word' id='word_1_196' title='bbox 434 2502 578 2581; x_wconf 91' lang='lat' dir='ltr'>cupimus,</span> <span class='ocrx_word' id='word_1_197' title='bbox 604 2525 766 2584; x_wconf 90' lang='lat' dir='ltr'>eorumque</span> <span class='ocrx_word' id='word_1_198' title='bbox 790 2526 846 2566; x_wconf 91' lang='lat' dir='ltr'>nos</span> <span class='ocrx_word' id='word_1_199' title='bbox 871 2506 963 2583; x_wconf 87' lang='lat' dir='ltr'>magis</span> <span class='ocrx_word' id='word_1_200' title='bbox 987 2505 1113 2577; x_wconf 91' lang='lat' dir='ltr'>miseret,</span> 
     </span>
     <span class='ocr_line' id='line_1_24' title="bbox 123 2599 1115 2681; baseline -0.003 -18"><span class='ocrx_word' id='word_1_201' title='bbox 123 2603 175 2681; x_wconf 88' lang='lat' dir='ltr'>qui</span> <span class='ocrx_word' id='word_1_202' title='bbox 195 2615 325 2665; x_wconf 89' lang='lat' dir='ltr'>nostram</span> <span class='ocrx_word' id='word_1_203' title='bbox 347 2599 579 2661; x_wconf 89' lang='lat' dir='ltr'>misericordiam</span> <span class='ocrx_word' id='word_1_204' title='bbox 600 2622 662 2662; x_wconf 91' lang='lat' dir='ltr'>non</span> <span class='ocrx_word' id='word_1_205' title='bbox 681 2603 842 2680; x_wconf 88' lang='lat' dir='ltr'>requirunt,</span> <span class='ocrx_word' id='word_1_206' title='bbox 857 2623 946 2681; x_wconf 91' lang='lat' dir='ltr'>quam</span> <span class='ocrx_word' id='word_1_207' title='bbox 963 2603 1015 2679; x_wconf 91' lang='lat' dir='ltr'>qui</span> <span class='ocrx_word' id='word_1_208' title='bbox 1035 2605 1115 2662; x_wconf 90' lang='lat' dir='ltr'>illam</span> 
     </span>
     <span class='ocr_line' id='line_1_25' title="bbox 123 2700 1115 2778; baseline -0.002 -17"><span class='ocrx_word' id='word_1_209' title='bbox 123 2700 292 2778; x_wconf 87' lang='lat' dir='ltr'>efflagitant,</span> <span class='ocrx_word' id='word_1_210' title='bbox 316 2710 429 2778; x_wconf 89' lang='lat' dir='ltr'>quanto</span> <span class='ocrx_word' id='word_1_211' title='bbox 450 2700 508 2758; x_wconf 93' lang='lat' dir='ltr'>hoc</span> <span class='ocrx_word' id='word_1_212' title='bbox 529 2700 621 2777; x_wconf 86' lang='lat' dir='ltr'>magis</span> <span class='ocrx_word' id='word_1_213' title='bbox 645 2701 677 2760; x_wconf 90' lang='lat' dir='ltr'>in</span> <span class='ocrx_word' id='word_1_214' title='bbox 700 2701 864 2762; x_wconf 88' lang='lat' dir='ltr'>fortissimis</span> <span class='ocrx_word' id='word_1_215' title='bbox 886 2701 1000 2761; x_wconf 88' lang='lat' dir='ltr'>civibus</span> <span class='ocrx_word' id='word_1_216' title='bbox 1020 2702 1115 2761; x_wconf 85' lang='lat' dir='ltr'>facere</span> 
     </span>
     <span class='ocr_line' id='line_1_26' title="bbox 123 2796 1169 2873; baseline -0.004 -15"><span class='ocrx_word' id='word_1_217' title='bbox 123 2800 287 2858; x_wconf 78' lang='lat' dir='ltr'>debemus!</span> <span class='ocrx_word' id='word_1_218' title='bbox 330 2799 383 2857; x_wconf 90' lang='lat' dir='ltr'>Me</span> <span class='ocrx_word' id='word_1_219' title='bbox 406 2796 539 2873; x_wconf 90' lang='lat' dir='ltr'>quidem,</span> <span class='ocrx_word' id='word_1_220' title='bbox 561 2796 681 2867; x_wconf 89' lang='lat' dir='ltr'>iudices,</span> <span class='ocrx_word' id='word_1_221' title='bbox 705 2797 874 2857; x_wconf 87' lang='lat' dir='ltr'>exanimant</span> <span class='ocrx_word' id='word_1_222' title='bbox 895 2809 925 2858; x_wconf 91' lang='lat' dir='ltr'>et</span> <span class='ocrx_word' id='word_1_223' title='bbox 945 2797 1117 2858; x_wconf 89' lang='lat' dir='ltr'>interimunt</span> <span class='ocrx_word' id='word_1_224' title='bbox 1132 2797 1169 2855; x_wconf 83' lang='lat'>93</span> 
     </span>
     <span class='ocr_line' id='line_1_27' title="bbox 122 2893 1116 2971; baseline -0.004 -15"><span class='ocrx_word' id='word_1_225' title='bbox 122 2898 180 2956; x_wconf 91' lang='lat' dir='ltr'>hae</span> <span class='ocrx_word' id='word_1_226' title='bbox 200 2914 290 2955; x_wconf 91' lang='lat' dir='ltr'>voces</span> <span class='ocrx_word' id='word_1_227' title='bbox 311 2893 444 2967; x_wconf 89' lang='lat' dir='ltr'>Milonis,</span> <span class='ocrx_word' id='word_1_228' title='bbox 458 2912 532 2969; x_wconf 86' lang='lat' dir='ltr'>quas</span> <span class='ocrx_word' id='word_1_229' title='bbox 551 2893 641 2952; x_wconf 87' lang='lat' dir='ltr'>audio</span> <span class='ocrx_word' id='word_1_230' title='bbox 655 2893 781 2954; x_wconf 90' lang='lat' dir='ltr'>adsidue</span> <span class='ocrx_word' id='word_1_231' title='bbox 799 2906 829 2954; x_wconf 91' lang='lat' dir='ltr'>et</span> <span class='ocrx_word' id='word_1_232' title='bbox 848 2893 954 2971; x_wconf 88' lang='lat' dir='ltr'>quibus</span> <span class='ocrx_word' id='word_1_233' title='bbox 974 2893 1116 2955; x_wconf 91' lang='lat' dir='ltr'>intersum</span> 
     </span>
     <span class='ocr_line' id='line_1_28' title="bbox 81 2991 1117 3068; baseline -0.003 -14"><span class='ocrx_word' id='word_1_234' title='bbox 81 3027 106 3062; x_wconf 80' lang='lat'>25</span> <span class='ocrx_word' id='word_1_235' title='bbox 120 2993 239 3053; x_wconf 85' lang='lat' dir='ltr'>cotidie.</span> <span class='ocrx_word' id='word_1_236' title='bbox 288 2994 425 3064; x_wconf 90' lang='lat' dir='ltr'>Valeant,</span> <span class='ocrx_word' id='word_1_237' title='bbox 454 2991 557 3068; x_wconf 90' lang='lat' dir='ltr'>inquit,</span> <span class='ocrx_word' id='word_1_238' title='bbox 585 2992 703 3052; x_wconf 88' lang='lat' dir='ltr'>valeant</span> <span class='ocrx_word' id='word_1_239' title='bbox 731 2993 810 3053; x_wconf 90' lang='lat' dir='ltr'>cives</span> <span class='ocrx_word' id='word_1_240' title='bbox 838 2993 914 3067; x_wconf 90' lang='lat' dir='ltr'>mei;</span> <span class='ocrx_word' id='word_1_241' title='bbox 951 2992 1009 3053; x_wconf 91' lang='lat' dir='ltr'>sint</span> <span class='ocrx_word' id='word_1_242' title='bbox 1036 2992 1117 3052; x_wconf 91' lang='lat' dir='ltr'>inco-</span> 
     </span>
     <span class='ocr_line' id='line_1_29' title="bbox 121 3088 1117 3168; baseline -0.002 -17"><span class='ocrx_word' id='word_1_243' title='bbox 121 3093 228 3164; x_wconf 88' lang='lat' dir='ltr'>lumes,</span> <span class='ocrx_word' id='word_1_244' title='bbox 248 3088 307 3148; x_wconf 91' lang='lat' dir='ltr'>sint</span> <span class='ocrx_word' id='word_1_245' title='bbox 327 3091 475 3162; x_wconf 87' lang='lat' dir='ltr'>florentes,</span> <span class='ocrx_word' id='word_1_246' title='bbox 496 3090 555 3149; x_wconf 90' lang='lat' dir='ltr'>sint</span> <span class='ocrx_word' id='word_1_247' title='bbox 575 3090 655 3150; x_wconf 90' lang='lat' dir='ltr'>beati</span> <span class='ocrx_word' id='word_1_248' title='bbox 664 3113 673 3166; x_wconf 88' lang='lat'>;</span> <span class='ocrx_word' id='word_1_249' title='bbox 697 3102 755 3151; x_wconf 90' lang='lat' dir='ltr'>stet</span> <span class='ocrx_word' id='word_1_250' title='bbox 778 3092 852 3151; x_wconf 91' lang='lat' dir='ltr'>haec</span> <span class='ocrx_word' id='word_1_251' title='bbox 873 3093 943 3151; x_wconf 90' lang='lat' dir='ltr'>urbs</span> <span class='ocrx_word' id='word_1_252' title='bbox 968 3092 1117 3168; x_wconf 90' lang='lat' dir='ltr'>praeclara</span> 
     </span>
     <span class='ocr_line' id='line_1_30' title="bbox 122 3185 1115 3264; baseline 0 -17"><span class='ocrx_word' id='word_1_253' title='bbox 122 3187 256 3264; x_wconf 90' lang='lat' dir='ltr'>mihique</span> <span class='ocrx_word' id='word_1_254' title='bbox 273 3187 367 3262; x_wconf 88' lang='lat' dir='ltr'>patria</span> <span class='ocrx_word' id='word_1_255' title='bbox 381 3185 540 3258; x_wconf 90' lang='lat' dir='ltr'>carissima,</span> <span class='ocrx_word' id='word_1_256' title='bbox 555 3205 677 3264; x_wconf 93' lang='lat' dir='ltr'>quoquo</span> <span class='ocrx_word' id='word_1_257' title='bbox 692 3188 784 3247; x_wconf 92' lang='lat' dir='ltr'>modo</span> <span class='ocrx_word' id='word_1_258' title='bbox 799 3186 852 3246; x_wconf 89' lang='lat' dir='ltr'>erit</span> <span class='ocrx_word' id='word_1_259' title='bbox 868 3185 970 3247; x_wconf 84' lang='lat' dir='ltr'>merita</span> <span class='ocrx_word' id='word_1_260' title='bbox 990 3188 1028 3247; x_wconf 91' lang='lat' dir='ltr'>de</span> <span class='ocrx_word' id='word_1_261' title='bbox 1049 3208 1097 3247; x_wconf 88' lang='lat' dir='ltr'>me</span> <span class='ocrx_word' id='word_1_262' title='bbox 1106 3211 1115 3263; x_wconf 76' lang='lat'><em>3</em></span> 
     </span>
     <span class='ocr_line' id='line_1_31' title="bbox 121 3282 1116 3362; baseline -0.001 -17"><span class='ocrx_word' id='word_1_263' title='bbox 121 3285 281 3362; x_wconf 91' lang='lat' dir='ltr'>tranquilla</span> <span class='ocrx_word' id='word_1_264' title='bbox 294 3302 326 3343; x_wconf 88' lang='lat' dir='ltr'>re</span> <span class='ocrx_word' id='word_1_265' title='bbox 340 3282 459 3360; x_wconf 87' lang='lat' dir='ltr'>publica</span> <span class='ocrx_word' id='word_1_266' title='bbox 473 3283 532 3342; x_wconf 91' lang='lat' dir='ltr'>mei</span> <span class='ocrx_word' id='word_1_267' title='bbox 546 3282 634 3355; x_wconf 89' lang='lat' dir='ltr'>cives,</span> <span class='ocrx_word' id='word_1_268' title='bbox 650 3283 791 3362; x_wconf 85' lang='lat' dir='ltr'>quoniam</span> <span class='ocrx_word' id='word_1_269' title='bbox 806 3282 877 3342; x_wconf 91' lang='lat' dir='ltr'>mihi</span> <span class='ocrx_word' id='word_1_270' title='bbox 896 3303 963 3343; x_wconf 90' lang='lat' dir='ltr'>curn</span> <span class='ocrx_word' id='word_1_271' title='bbox 977 3282 1033 3343; x_wconf 89' lang='lat' dir='ltr'>illis</span> <span class='ocrx_word' id='word_1_272' title='bbox 1054 3304 1116 3344; x_wconf 91' lang='lat' dir='ltr'>non</span> 
     </span>
     <span class='ocr_line' id='line_1_32' title="bbox 121 3380 1116 3459; baseline 0 -17"><span class='ocrx_word' id='word_1_273' title='bbox 121 3382 201 3454; x_wconf 91' lang='lat' dir='ltr'>licet,</span> <span class='ocrx_word' id='word_1_274' title='bbox 217 3380 281 3442; x_wconf 92' lang='lat' dir='ltr'>sine</span> <span class='ocrx_word' id='word_1_275' title='bbox 295 3400 344 3441; x_wconf 91' lang='lat' dir='ltr'>me</span> <span class='ocrx_word' id='word_1_276' title='bbox 358 3381 423 3457; x_wconf 92' lang='lat' dir='ltr'>ipsi,</span> <span class='ocrx_word' id='word_1_277' title='bbox 438 3381 491 3441; x_wconf 91' lang='lat' dir='ltr'>sed</span> <span class='ocrx_word' id='word_1_278' title='bbox 510 3392 632 3457; x_wconf 92' lang='lat' dir='ltr'>propter</span> <span class='ocrx_word' id='word_1_279' title='bbox 649 3399 698 3439; x_wconf 88' lang='lat' dir='ltr'>me</span> <span class='ocrx_word' id='word_1_280' title='bbox 719 3392 818 3439; x_wconf 88' lang='lat' dir='ltr'>tamen</span> <span class='ocrx_word' id='word_1_281' title='bbox 837 3382 1022 3456; x_wconf 83' lang='lat' dir='ltr'>perfruantur</span> <span class='ocrx_word' id='word_1_282' title='bbox 1030 3403 1039 3456; x_wconf 78' lang='lat'><em>3</em></span> <span class='ocrx_word' id='word_1_283' title='bbox 1060 3401 1116 3459; x_wconf 89' lang='lat' dir='ltr'>ego</span> 
     </span>
     <span class='ocr_line' id='line_1_33' title="bbox 82 3469 1132 3557; baseline -0.011 -14"><span class='ocrx_word' id='word_1_284' title='bbox 82 3515 107 3553; x_wconf 77' lang='lat'>30</span> <span class='ocrx_word' id='word_1_285' title='bbox 120 3483 228 3543; x_wconf 89' lang='lat' dir='ltr'>cedam</span> <span class='ocrx_word' id='word_1_286' title='bbox 252 3490 343 3557; x_wconf 89' lang='lat' dir='ltr'>atque</span> <span class='ocrx_word' id='word_1_287' title='bbox 366 3469 474 3556; x_wconf 71' lang='lat' dir='ltr'>abibo,</span> <span class='ocrx_word' id='word_1_288' title='bbox 509 3479 534 3539; x_wconf 91' lang='lat' dir='ltr'>si</span> <span class='ocrx_word' id='word_1_289' title='bbox 561 3477 635 3538; x_wconf 91' lang='lat' dir='ltr'>mihi</span> <span class='ocrx_word' id='word_1_290' title='bbox 662 3480 742 3538; x_wconf 88' lang='lat' dir='ltr'>bona</span> <span class='ocrx_word' id='word_1_291' title='bbox 765 3496 797 3540; x_wconf 90' lang='lat' dir='ltr'>re</span> <span class='ocrx_word' id='word_1_292' title='bbox 824 3478 949 3557; x_wconf 83' lang='lat' dir='ltr'>publiea</span> <span class='ocrx_word' id='word_1_293' title='bbox 971 3477 1037 3536; x_wconf 70' lang='lat' dir='ltr'>(rui</span> <span class='ocrx_word' id='word_1_294' title='bbox 1057 3497 1132 3533; x_wconf 62' lang='lat' dir='ltr'>uon</span> 
     </span>
    </p>
   </div>
   <div class='ocr_carea' id='block_1_5' title="bbox 0 0 1223 3772">
    <p class='ocr_par' dir='ltr' id='par_1_6' title="bbox 0 0 1223 3772">
     <span class='ocr_line' id='line_1_34' title="bbox 0 0 1223 3772; baseline 0 0"><span class='ocrx_word' id='word_1_295' title='bbox 0 0 1223 3772; x_wconf 95' lang='lat' dir='ltr'> </span> 
     </span>
    </p>
   </div>
  </div>
 </body>
</html>
