2430 3772
132 220 170 280 54
506 202 752 264 CICERONIS
934 198 1071 283 [XXVII
1088 219 1129 278 74

131 333 183 410 qui
197 353 266 394 cum
279 335 318 393 ab
332 333 432 410 equite
446 337 587 395 Romano
607 334 766 412 splendido
785 344 815 396 et
827 334 903 408 forti,
921 336 964 396 M.
982 334 1127 411 Paconio,

131 450 192 490 non
218 422 404 507 impetrasset
424 441 457 490 ut
481 431 538 492 sibi
562 431 689 491 insulam
713 429 745 490 in
768 431 834 490 lacu
859 429 949 492 Prilio
972 432 1127 517 venderet,

131 540 252 605 repente
279 527 413 588 lintribus
441 527 472 588 in
500 548 567 589 eam
594 529 721 588 insulam
744 527 898 588 materiam
920 509 1034 589 calcem
1046 496 1126 591 *ild

132 636 234 685 menta
247 625 387 683 harenam
401 624 537 685 convexit
547 625 731 702 dominoque
742 635 822 685 trans
833 626 927 702 ripam
938 625 1127 704 inspectante

80 723 116 782 75
132 742 193 782 non
215 720 360 782 dubitavit
381 732 530 782 exstruere
550 723 719 782 aedificium
739 721 771 782 in
792 722 906 799 alien03
926 722 977 801 qui
998 722 1068 784 huic
1088 727 1126 787 T.
1143 757 1155 796 ς

133 819 281 893 Furfanio,
297 816 345 878 cui
359 817 430 892 viro,
446 818 478 878 di
492 818 675 880 immortales
691 819 778 900 (quid
792 818 871 880 euim
888 839 944 896 ego
959 821 997 881 de
1011 819 1129 882 mulier-

132 919 199 977 cula
212 915 338 988 Scantia,
354 914 427 992 quid
441 917 479 976 de
493 918 684 979 adulescente
699 921 731 978 P.
748 917 860 994 Apinio
874 917 982 991 dicam,
997 938 1126 995 quorum

132 1013 248 1091 utrique
262 1027 389 1075 mortem
403 1025 447 1074 est
462 1013 623 1087 minitatus,
633 1013 690 1074 nisi
700 1013 757 1074 sibi
771 1015 923 1075 hortorum
937 1015 1128 1092 possessione

132 1111 326 1189 cessissentl),
349 1112 403 1172 sed
427 1131 531 1171 ausum
559 1132 624 1173 esse
651 1115 687 1172 T.
718 1110 857 1171 Furfanio
884 1111 992 1185 dicere,
1016 1112 1041 1173 si
1068 1113 1128 1175 sibi

132 1208 290 1287 pecuniam
305 1220 447 1284 quantam
460 1203 638 1286 poposcerat
652 1228 714 1268 non
729 1195 869 1282 dedisset,
885 1221 1035 1270 mortuum
1049 1212 1128 1271 sein
1144 1242 1169 1272 ιο

134 1309 256 1367 domum
271 1305 333 1366 eius
348 1305 505 1376 illaturum,
521 1326 580 1383 qua
593 1305 705 1365 invidia
723 1305 793 1364 huic
812 1317 889 1366 esset
908 1307 960 1367 tali
973 1306 1037 1368 viro
1057 1327 1129 1368 con-

133 1405 334 1482 flagrandum,
350 1405 401 1481 qui
423 1405 555 1481 Appium
574 1406 700 1476 fratrem,
716 1401 869 1464 hominem
890 1403 963 1463 mihi
982 1404 1128 1466 coniunc-

133 1514 197 1562 tum
211 1499 354 1561 fidissima
367 1500 467 1578 gratia,
482 1503 637 1560 absentem
654 1501 692 1560 de
707 1500 895 1576 possessione
909 1500 994 1563 fundi
1008 1502 1127 1578 deiecit,

133 1599 184 1676 qui
198 1599 340 1677 parietem
354 1598 397 1659 sic
412 1618 466 1676 per
478 1599 656 1659 vestibulum
675 1600 782 1659 sororis
802 1598 929 1660 instituit
949 1601 1069 1675 ducere,
1083 1600 1128 1662 sic

133 1717 219 1774 agere
240 1699 443 1772 fundamenta,
467 1708 499 1757 ut
520 1717 650 1758 sororem
668 1717 730 1757 non
751 1699 844 1759 modo
864 1697 1014 1759 vestibulo
1034 1697 1167 1776 priva-15

80 1797 117 1854 76
131 1808 184 1869 ret,
200 1797 253 1856 sed
267 1795 349 1856 omni
362 1795 445 1855 aditu
459 1806 489 1855 et
503 1794 613 1855 limine.
660 1797 810 1855 XXVIII.
847 1797 1036 1872 Quamquam
1052 1797 1129 1858 haec

134 1892 255 1971 quidem
275 1891 335 1950 iam
353 1892 517 1953 tolerabilia
530 1892 707 1952 videbantur
722 1889 790 1971 (etsi
808 1890 1001 1968 aequabiliter
1018 1890 1050 1952 in
1064 1912 1128 1954 rem

134 1989 282 2067 publicam
292 1989 324 2047 in
335 1989 471 2066 privatos,
484 1990 514 2049 in
528 1989 707 2066 longinquos
720 1989 751 2048 in
762 1988 955 2066 propinquos,
967 1989 999 2049 in
1013 1989 1129 2052 alienos

134 2087 164 2146 in
180 2105 249 2146 suos
262 2085 403 2165 irruebat)
419 2088 472 2147 sed
485 2087 588 2148 nescio
601 2105 661 2163 quo
680 2087 772 2147 modo
791 2086 849 2147 iam
869 2107 925 2147 usu
945 2088 1129 2148 obduruerat

135 2195 166 2244 et
190 2185 382 2260 percalluerat
410 2184 536 2245 civitatis
563 2172 745 2245 incredibilis
769 2185 928 2262 patientia3
957 2205 1035 2262 quae
1057 2204 1130 2246 vero
1144 2218 1170 2245 ω

134 2283 256 2343 aderant
270 2281 329 2342 iam
348 2295 379 2344 et
396 2283 619 2360 impendebant,
636 2302 768 2360 quonam
787 2285 880 2345 modo
900 2302 937 2343 ea
956 2295 1008 2343 aut
1028 2283 1130 2361 depel-

135 2381 194 2440 lere
214 2378 384 2456 potuissetis
405 2390 456 2439 aut
475 2382 568 2441 ferre?
609 2379 772 2457 Imperium
792 2380 842 2442 ille
862 2379 887 2441 si
906 2390 1011 2440 nactus
1030 2390 1129 2442 esset:

134 2477 240 2537 omitto
254 2477 358 2552 socios,
374 2490 487 2539 exteras
500 2478 646 2550 nationes,
662 2498 745 2556 reges
762 2479 936 2552 tetrarchas;
957 2489 1028 2537 vota
1046 2477 1128 2538 enim

134 2573 268 2634 faceretis
287 2586 320 2635 ut
336 2575 367 2634 in
381 2594 433 2635 eos
448 2594 479 2635 se
494 2574 593 2651 potius
607 2575 777 2636 immitteret
791 2595 880 2652 quam
891 2575 922 2635 in
936 2586 1047 2634 vestras
1061 2595 1131 2653 pos·

135 2669 288 2744 sessiones,
304 2684 400 2732 vestra
419 2682 505 2744 tecta,
521 2684 631 2733 vestras
648 2672 804 2748 pecunias3
826 2671 968 2749 pecunias
985 2672 1074 2733 dico?
1101 2675 1130 2733 A
1145 2704 1169 2742 ις

135 2767 242 2844 liberis,
258 2788 306 2830 me
321 2770 388 2830 dius
401 2769 498 2843 fidius,
513 2779 543 2830 et
557 2790 574 2829 a
588 2769 764 2846 coniugibus
778 2768 880 2830 vestris
899 2788 1063 2847 numquam
1077 2772 1129 2833 ille

135 2867 290 2926 effrenatas
317 2886 385 2926 suas
413 2867 551 2928 libidines
572 2867 760 2928 cohibuisset
804 2867 889 2945 Fingi
910 2870 984 2928 haec
1005 2868 1128 2944 putatis,

135 2982 212 3039 quae
228 2974 340 3040 patent,
362 2983 438 3041 quae
458 2975 530 3024 nota
550 2976 619 3025 sunt
640 2963 789 3034 omnibus,
810 2983 887 3041 quae
907 2975 1054 3039 tenentur,
1072 2986 1130 3027 ser-

135 3079 239 3120 vorum
251 3059 394 3120 exercitus
408 3060 533 3120 illumin
543 3063 616 3122 urbe
627 3060 863 3136 conscripturum
877 3060 975 3133 luisse,
987 3080 1041 3139 per
1050 3081 1130 3139 quos

135 3169 229 3218 totam
242 3176 305 3217 rem
319 3157 469 3234 publicam
483 3178 590 3236 resque
604 3157 730 3236 privatas
745 3159 878 3218 omnium
893 3158 1079 3235 possideret?
1144 3192 1171 3232 30

82 3252 119 3311 tt
201 3254 299 3328 Quam
317 3254 358 3314 ob
376 3273 446 3327 rem,
462 3254 487 3314 si
501 3268 657 3316 cruentum
671 3255 803 3332 gladium
817 3267 922 3315 tenens
935 3257 1077 3317 clamaret
1089 3259 1128 3318 T.

136 3350 266 3410 Annius:
288 3353 410 3424 Adeste,
426 3371 547 3429 quaeso,
565 3366 655 3432 atque
675 3353 784 3425 audite,
805 3352 884 3412 cives
894 3374 903 3427 3
932 3355 964 3412 P.
985 3351 1130 3414 Clodium

136 3445 268 3508 interfeci
271 3469 282 3522 5
296 3449 360 3510 eius
371 3451 490 3524 furores,
505 3471 581 3529 quos
596 3451 684 3512 nullis
698 3452 757 3510 iam
771 3449 894 3527 legibus,
909 3447 996 3507 nullis
1010 3446 1131 3512 iudiciis
