2430 3772
454 192 695 253 APPENDIX
716 192 755 253 Α.
1049 210 1105 267 149

156 319 179 386 (ἕ
197 319 249 385 49.)
282 321 378 386 Atqui
399 326 430 370 ut
452 320 499 371 illi
521 329 686 373 nocturnus
702 323 850 372 adventus
871 321 1016 373 vitandus
1036 322 1101 382 fuit,

105 386 150 435 sic
172 385 291 444 Miloni,
313 401 377 435 cum
394 385 561 434 insidiator
581 394 669 446 esset,
691 388 716 436 si
734 387 818 436 illum
841 388 877 436 ad
896 387 996 436 urbem
1015 395 1104 436 noctu

105 465 294 500 accessurum
306 450 433 509 sciebat,
447 450 665 499 subsidendum
676 457 700 499 et
712 457 799 500 cetera.

155 514 205 562 Via
221 514 306 578 Appia
321 522 357 562 est
374 529 452 578 prope
468 514 555 562 urbem
571 522 756 563 monumentum
775 514 859 573 Basili,
882 514 925 578 qui
943 514 1012 563 locus
1029 514 1103 564 latro·

105 577 177 627 ciniis
186 578 232 627 fuit
244 577 393 641 perinfamis,
407 579 475 642 quod
485 594 516 627 ex
527 578 582 627 aliis
592 595 691 642 quoque
701 579 785 628 multis
796 579 905 642 intellegi
918 585 1005 643 potest.

155 643 179 701 (5
195 644 246 704 55.)
280 641 416 692 Comites
432 642 578 691 Graeculi
594 658 784 707 quocumque
798 643 869 703 ibat,
882 643 974 692 etiam
991 658 1055 692 cum
1072 643 1103 692 in

106 713 206 756 castra
216 707 344 761 Etrusca
355 706 544 770 properabat.
744 743 746 747 ,

154 770 236 834 Saepe
257 771 349 819 obiecit
371 770 462 820 Clodio
485 770 572 818 Cicero
593 770 688 819 socium
710 787 767 819 eum
788 771 963 820 coniurationis
981 770 1102 820 Catilinae

105 833 193 895 fuisse;
210 851 285 898 quam
300 850 352 883 rem
366 849 432 882 nunc
444 849 543 898 quoque
558 835 661 883 reticens
676 835 790 885 ostendit.
827 836 918 884 Fuerat
928 836 993 885 enim
1006 837 1099 899 opinio,

106 906 133 947 ut
150 898 258 948 Catilina
274 914 305 947 ex
320 899 380 947 urbe
394 897 536 962 profugerat
553 899 579 946 iu
592 905 672 946 castra
686 899 766 947 Manli
781 900 937 960 centurionis,
951 900 992 964 qui
1008 907 1061 948 tum
1075 901 1102 948 in

106 963 207 1011 Etruria
222 963 255 1011 ad
272 963 389 1012 Faesulas
404 963 537 1011 exercitum
553 963 576 1010 ei
592 963 760 1026 comparabat,
780 964 896 1013 Clodium
912 964 1028 1028 subsequi
1044 979 1101 1013 eum

106 1026 213 1077 voluisse
224 1035 249 1076 et
259 1028 377 1090 coepisse,
391 1033 444 1075 tum
455 1026 513 1075 dein
524 1033 619 1074 mutato
630 1027 733 1076 consilio
744 1028 770 1075 in
781 1028 867 1077 urbem
878 1028 976 1077 redisse.

155 1092 179 1151 (ἓ
200 1089 251 1154 67.)
285 1092 354 1140 Non
375 1091 432 1139 iam
454 1090 509 1140 hoc
538 1090 720 1140 Clodianum
744 1092 856 1140 crimen
878 1093 1022 1151 timemus,
1047 1092 1101 1141 sed

106 1160 182 1216 tuas,
202 1156 254 1204 Cn.
272 1155 404 1218 Pompei,
424 1161 452 1203 te
468 1154 547 1204 enim
563 1154 694 1218 appello,
711 1162 740 1204 et
757 1171 790 1204 ea
806 1171 887 1215 voce,
906 1163 938 1204 ut
955 1171 1000 1204 me
1016 1171 1100 1205 exau·

106 1218 170 1268 dire
181 1219 285 1284 possis,
300 1226 376 1278 tuas,
390 1219 517 1282 inquam,
531 1219 718 1282 suspiciones
729 1219 994 1284 perhorrescimus.

154 1284 271 1333 Diximus
290 1284 316 1332 in
333 1290 478 1347 argumento
500 1283 618 1332 orationis
639 1283 711 1332 huius
733 1285 780 1333 Cn.
805 1285 952 1348 Pompeium
974 1284 1100 1334 simulasse

106 1346 228 1408 timorem,
248 1364 291 1396 seu
307 1348 381 1411 plane
398 1347 508 1396 timuisse
524 1346 652 1404 Milonem,
666 1356 693 1397 et
709 1348 766 1397 ideo
782 1363 814 1397 ne
831 1350 899 1398 domi
914 1349 1014 1424 quidem
1031 1364 1097 1408 suae,

104 1411 188 1461 sedin
202 1412 279 1460 hortis
292 1411 459 1476 superioribus
471 1418 529 1460 ante
543 1411 660 1461 iudicium
676 1413 803 1470 mansisse,
814 1413 850 1461 ita
863 1420 890 1462 ut
904 1414 988 1461 vrllam
1001 1428 1100 1477 quoque

105 1475 229 1540 praesidio
248 1476 354 1524 militum
374 1476 543 1524 circumdaret.
583 1476 615 1538 Q.
636 1476 769 1538 Pompeius
785 1477 864 1526 Rufus
881 1479 991 1526 tribunus
1009 1477 1096 1541 plebis,

106 1539 149 1604 qui
170 1539 249 1589 fuerat
269 1540 473 1589 familiarissimus
494 1539 605 1588 omniurn
630 1541 658 1589 P.
682 1541 772 1590 Clodio
793 1550 817 1590 et
839 1549 930 1589 sectam
953 1556 1009 1589 earn
1030 1541 1100 1603 sequi
1114 1534 1148 1592 51

105 1619 133 1654 se
154 1604 238 1668 palam
255 1604 424 1668 profitebatur,
442 1605 538 1653 dixerat
556 1605 582 1652 in
601 1605 717 1653 contione
735 1606 819 1668 paucis
841 1612 898 1669 post
919 1605 1006 1652 diebus
1024 1620 1100 1668 quam

106 1668 209 1718 Clodius
230 1677 282 1717 erat
303 1669 411 1717 occisus:
437 1668 513 1717 Milo
536 1668 620 1717 dedit
641 1684 728 1731 quem
750 1670 779 1716 in
805 1670 887 1717 curia
912 1670 1099 1717 cremaretis:

106 1733 202 1789 dabit,
218 1748 303 1797 quem
321 1733 350 1781 in
372 1732 529 1796 Capitolio
547 1730 712 1796 sepeliatis.
746 1732 777 1779 In
795 1733 880 1781 eadem
900 1733 1016 1781 contione
1033 1732 1099 1780 idem

105 1796 323 1846 dixerat-habuit
340 1797 405 1845 enim
422 1812 478 1845 eam
495 1812 517 1844 a.
534 1797 559 1846 d.
577 1796 647 1845 VIII
665 1795 724 1845 Kal.
745 1797 910 1845 Febr—cum
929 1796 993 1845 Milo
1010 1797 1096 1860 pridie,

106 1861 131 1910 id
142 1868 180 1918 est
191 1861 275 1910 VIIII
293 1860 351 1910 Kal.
367 1860 449 1920 Febr,
462 1860 547 1910 venire
560 1860 593 1908 ad
611 1861 756 1924 Pompeium
772 1861 798 1908 in
814 1860 891 1909 hortis
907 1861 959 1909 eius
975 1861 1099 1916 voluisset,

106 1925 252 1990 Pompeium
274 1928 298 1974 ei
319 1940 363 1989 per
384 1924 511 1973 hominem
532 1925 698 1988 propinquum
719 1924 814 1974 misisse
832 1926 953 1985 nuntium,
973 1940 1005 1974 ne
1023 1925 1055 1972 ad
1073 1940 1100 1973 se

106 1990 209 2039 reniret.
242 1990 312 2038 Prius
322 1989 398 2038 etiam
409 2005 483 2053 quam
496 1990 628 2052 Pompeius
641 1989 683 2037 111
695 1989 781 2038 consul
794 1998 923 2047 crearetur,
935 1996 983 2039 tres
998 1988 1097 2048 tribuni,

106 2054 139 2116 Q.
155 2054 288 2117 Pompeius
302 2053 390 2112 Rufus,
404 2054 434 2102 C.
451 2053 581 2102 Sallustius
595 2053 703 2117 Crispus.
722 2055 752 2102 T.
774 2055 900 2103 Munatius
916 2055 1030 2111 Plancus,
1044 2069 1100 2101 curn

123 2118 256 2166 uotidianis
270 2117 426 2166 contionibus
440 2117 489 2165 suis
502 2133 617 2180 magnam
634 2117 753 2166 invidiam
770 2118 861 2166 Miloni
877 2126 978 2182 propter
992 2117 1099 2168 occisum

105 2132 224 2232 Clodium
245 2182 386 2240 excitarent,
409 2181 575 2244 produxerant
592 2181 625 2229 ad
647 2183 766 2246 populum
788 2182 834 2232 Cn.
859 2184 1005 2245 Pompeium
1024 2190 1048 2230 et
1067 2181 1100 2229 ab

106 2261 137 2296 eo
153 2246 316 2309 quaesierant,
332 2261 392 2293 num
405 2245 437 2293 ad
454 2261 511 2294 eum
524 2246 634 2294 delatum
648 2253 711 2294 esset
727 2246 793 2295 illius
806 2262 905 2310 quoque
919 2248 953 2294 rei
971 2246 1097 2304 indicium,

106 2325 164 2359 suae
175 2310 240 2358 vitae
251 2308 361 2358 insidiari
373 2309 502 2358 Milonem.
537 2310 707 2374 Responderat
721 2311 866 2372 Pompeius:
884 2309 1008 2358 Licinium
1023 2325 1100 2373 quen-

106 2374 164 2423 dam
185 2374 218 2423 de
240 2373 314 2438 plebe
334 2373 506 2431 sacrificulum,
520 2374 563 2437 qui
585 2373 671 2422 solitus
689 2381 752 2423 esset
773 2373 879 2422 familias
898 2389 1011 2437 purgare,
1028 2374 1059 2422 ad
1074 2389 1100 2423 se

105 2437 223 2487 detulisse
238 2453 322 2486 servos
336 2438 458 2501 quosdam
474 2437 577 2486 Milonis
592 2437 701 2502 itemque
717 2436 818 2486 libertos
831 2445 987 2500 comparatos
1003 2453 1056 2487 esse
1068 2438 1100 2485 ad

105 2503 207 2551 caedem
228 2517 307 2560 suam,
329 2502 431 2551 nomina
452 2516 550 2566 quoque
575 2517 702 2551 servorum
725 2501 844 2562 edidisse;
869 2517 895 2551 se
922 2502 954 2549 ad
980 2502 1100 2551 Milonem

105 2566 209 2625 misisse,
221 2573 250 2614 ut
266 2581 309 2615 eos
324 2565 350 2614 in
365 2574 487 2629 potestate
502 2581 547 2614 sua
560 2565 661 2614 haberet
669 2583 677 2627 ;
694 2582 710 2614 a
727 2566 822 2615 Milone
838 2580 982 2629 responsum
997 2582 1058 2622 esse,
1069 2581 1100 2614 ex

105 2629 136 2678 iis
147 2630 223 2679 servis
233 2644 296 2694 quos
311 2630 462 2678 nominasset
473 2629 562 2694 partim
575 2630 699 2678 neminem
710 2646 737 2678 se
749 2645 857 2695 unquam
873 2629 995 2689 habuisse,
1010 2630 1100 2695 partim

106 2693 291 2753 manumisisse,
302 2693 367 2752 dein,
380 2709 436 2743 cum
448 2694 571 2743 Licinium
580 2693 795 2758 apudsehaberet,
802 2731 860 2744 ......
864 2692 968 2742 Lucium
975 2695 1099 2758 quendam

104 2759 137 2808 de
153 2757 228 2823 plebe
241 2758 274 2806 ad
287 2759 493 2820 corrumpendum
507 2758 614 2806 indicem
631 2759 741 2818 venisse;
758 2773 808 2822 qua
821 2774 848 2807 re
862 2758 962 2821 cognita
976 2759 1002 2806 in
1019 2757 1100 2807 vincla

104 2837 162 2871 eum
170 2821 274 2896 publica
283 2837 336 2871 esse
347 2822 493 2871 coniectum
527 2823 676 2871 Decreverat
687 2823 753 2870 enim
764 2830 863 2871 senatus
873 2830 901 2871 ut
912 2838 968 2871 cum
979 2823 1101 2885 interrege

104 2893 130 2934 et
145 2886 250 2935 tribunis
269 2886 350 2950 plebis
367 2885 500 2951 Pompeius
515 2885 587 2935 daret
604 2902 712 2950 operam,
732 2886 840 2950 nequid
860 2887 1010 2962 respublica
1026 2887 1099 2935 detri-

104 2950 182 2999 menti
203 2957 310 3013 caperet.
346 2949 388 2998 Ob
409 2948 454 2998 has
472 2949 623 3062 suspiciones
642 2951 774 3014 Pompeius
796 2951 822 2999 in
839 2951 1004 3014 superioribus
1022 2951 1100 3000 hortis

103 3029 132 3064 se
142 3014 310 3074 continuerat;
323 3013 414 3063 deinde
425 3029 456 3062 ex
468 3014 494 3063 S.
531 3048 538 3061 .
551 3014 642 3063 dilectu
653 3030 697 3078 per
706 3014 806 3064 Italiam
817 3015 903 3064 habito
914 3031 971 3064 cum
988 3015 1097 3074 redisset,

104 3079 246 3128 venientem
260 3077 293 3125 ad
308 3092 335 3126 se
353 3078 475 3126 Milonem
493 3092 570 3126 unum
589 3079 700 3127 omnium
718 3094 770 3127 non
786 3079 928 3128 admiserat.
961 3080 1025 3128 Item
1043 3093 1099 3127 cum
1112 3073 1148 3132 52

103 3150 204 3191 senatus
222 3141 249 3190 in
266 3142 362 3205 porticu
384 3140 497 3204 Pompeii
516 3141 655 3200 haberetur,
674 3148 701 3191 ut
724 3143 856 3206 Pompeius
875 3148 958 3206 posset
975 3144 1099 3199 interesse,

104 3220 182 3255 unum
192 3221 249 3254 eum
259 3205 341 3255 excuti
357 3206 514 3268 priusquam
530 3205 557 3254 in
572 3214 684 3255 senatum
698 3207 801 3255 intraret
815 3208 924 3255 iusserat.
966 3206 1025 3255 Hae
1043 3212 1100 3255 sunt

104 3269 257 3333 suspiciones
285 3284 366 3318 nasse
377 3269 466 3319 Cicero
476 3269 536 3318 dicit
548 3270 727 3334 pertimescere.

152 3332 176 3397 (5
189 3330 238 3396 71.)
301 3333 351 3382 uid
367 3333 445 3381 enim
461 3333 556 3382 minus
572 3334 627 3383 illo
641 3334 760 3396 dignum
775 3348 861 3397 quam
875 3348 990 3396 cogere,
1001 3339 1033 3382 ut
1047 3347 1100 3383 vos

104 3411 170 3446 eum
180 3395 393 3456 condemnetis,
407 3397 438 3444 in
449 3411 533 3460 quem
548 3398 783 3446 animadvertere
797 3397 860 3460 ipse
875 3404 904 3445 et
918 3413 999 3449 more
1012 3397 1100 3447 maio·

103 3466 209 3511 tumet
219 3474 271 3510 suo
282 3461 345 3510 iure
356 3462 476 3525 posset?
491 3460 543 3510 sed
553 3461 781 3526 praesidioesse
792 3469 817 3510 et
827 3467 920 3510 cetera.
