2430 3772
124 183 222 268 1118]
369 187 460 248 PRO
485 187 669 247 MILONE
698 187 872 248 ORATIO.
1079 206 1114 264 27

122 318 267 396 procellas
279 315 310 376 in
321 315 378 377 illis
389 317 543 377 dumtaxat
555 317 691 378 fluctibus
703 317 878 382 contionum
888 337 1005 395 semper
1014 319 1116 396 putavi

124 413 232 475 Miloni
252 433 318 474 esse
338 415 518 488 subeundas
536 413 607 491 quia
625 434 744 491 semper
762 434 817 493 pro
838 415 925 476 bonis
942 426 1045 475 contra
1064 417 1115 475 im·

122 514 234 590 probos
255 524 399 585 senserat;
420 511 452 572 in
472 511 585 573 iudicio
605 531 676 572 vero
695 524 725 572 et
745 511 776 572 in
796 532 833 572 eo
852 512 984 586 consilio,
1005 513 1035 573 in
1054 533 1115 591 quo

121 629 159 670 ex
178 608 295 670 cunctis
316 608 469 671 ordinibus
487 607 663 686 amplissimi
683 608 737 668 viri
757 609 930 685 iudicarent,
952 629 1114 688 numquam

94 706 286 779 sexistimavi
307 726 393 785 spem
411 709 501 768 ullam
522 727 587 767 esse
607 707 758 767 habituros
780 707 903 767 Milonis
924 706 1059 769 inimicos
1075 711 1115 770 ad

123 801 187 865 eius
205 823 267 863 non
286 806 379 865 modo
397 804 524 864 salutem
542 803 795 880 exstinguendam,
813 804 866 863 sed
885 803 974 863 etiam
992 803 1115 881 gloriam

123 920 177 978 per
199 901 266 962 talis
289 902 367 964 viros
391 901 617 980 infringendam.
664 903 853 980 Quamquam
881 901 913 962 in
936 904 993 963 bac
1016 905 1146 976 causali

122 996 243 1071 iudices,
259 1000 294 1058 T.
311 998 392 1059 Anni
406 998 559 1058 tribunatu
574 999 720 1076 rebusque
734 1000 873 1058 omnibus
891 1018 945 1076 pro
961 1001 1056 1060 salute
1074 999 1115 1059 rei

122 1093 260 1172 publicae
270 1097 359 1172 gestis
374 1096 413 1155 ad
423 1095 511 1155 buius
522 1094 652 1155 criminis
664 1096 867 1156 defensionem
879 1117 940 1156 non
951 1100 1113 1158 abutemur.

82 1223 107 1252 ιο
124 1191 188 1252 Nisi
202 1192 296 1254 oculis
309 1193 440 1253 videritis
459 1192 583 1253 insidias
601 1193 709 1260 Miloni
723 1213 741 1254 a
755 1195 864 1256 Clodio
878 1197 978 1270 factas,
993 1215 1050 1256 uec
1064 1195 1114 1256 de·

123 1289 269 1365 precaturi
280 1280 382 1350 sumus
393 1301 425 1350 ut
436 1290 548 1350 crimen
564 1291 621 1350 lroc
635 1290 722 1350 nobis
733 1304 854 1368 propter
863 1294 956 1351 multa
967 1293 1115 1368 praeclara

122 1385 154 1445 in
174 1405 236 1446 rem
257 1387 409 1463 publicam
430 1385 535 1447 merita
555 1387 741 1463 condonetis,
757 1408 814 1448 nec
834 1388 1010 1466 postulaturi
1031 1399 1071 1465 ut,
1090 1389 1115 1448 si

122 1504 202 1544 mors
217 1487 248 1544 P.
263 1484 351 1546 Clodi
365 1487 443 1545 salus
458 1498 554 1545 vestra
568 1485 662 1558 fuerit,
674 1485 786 1547 idcirco
800 1506 866 1546 eam
880 1485 979 1547 virtuti
994 1485 1116 1546 Milonis

123 1579 324 1658 potiusquam
339 1581 443 1658 populi
458 1581 588 1641 Romani
607 1582 737 1643 felicitati
755 1581 923 1660 adsignetis.
967 1581 1017 1642 Sin
1039 1581 1115 1642 illius

81 1709 105 1746 15
120 1677 246 1740 insidiae
266 1677 404 1738 clariores
424 1680 480 1738 hac
501 1680 567 1740 luce
588 1679 704 1752 fuerint,
719 1690 782 1739 tum
804 1679 933 1755 denique
953 1679 1115 1739 obsecrabo

122 1775 353 1853 obtestaborque
374 1796 436 1851 vos,
459 1775 580 1849 iudices,
601 1775 626 1836 si
649 1787 748 1836 cetera
769 1774 928 1847 amisimus,
950 1776 1009 1835 hoc
1029 1775 1115 1836 nobis

122 1875 227 1933 saltem
240 1884 273 1933 ut
287 1875 475 1950 relinquatur,
492 1873 582 1932 vitam
596 1875 634 1933 ab
648 1872 833 1932 inimicorum
847 1872 972 1933 audacia
990 1872 1115 1950 telisque

121 1980 155 2028 ut
168 1967 289 2045 impune
304 1969 391 2029 liceat
407 1970 574 2030 defendere.

121 2164 154 2239 ἐξ
168 2167 262 2228 'l-lL
301 2169 420 2239 Killiug
435 2170 469 2228 in
487 2170 682 2230 seli-detento
700 2171 728 2230 is
745 2172 899 2241 innocent,
915 2188 950 2231 as
965 2171 993 2231 is
1011 2171 1117 2230 shown

191 2256 232 2324 by
243 2257 298 2315 tho
312 2257 434 2326 history
450 2257 485 2316 of
499 2272 554 2315 our
568 2258 684 2330 nation,
697 2260 758 2318 and
773 2258 814 2326 by
827 2259 882 2316 the
897 2260 998 2318 words
1014 2260 1116 2318 ottho

190 2341 252 2402 law
264 2343 365 2401 which
376 2344 520 2411 punishea
532 2344 661 2436 murder.

183 2468 243 2526 III.
286 2467 346 2528 Sed
359 2479 518 2544 antequam
538 2468 577 2528 ad
596 2487 663 2529 eam
683 2466 848 2530 orationem
862 2469 958 2543 venio,
974 2490 1052 2547 quae
1071 2471 1147 2532 est?

81 2595 108 2624 ιο
121 2564 239 2641 propria
252 2576 367 2626 vestrae
381 2564 572 2642 quaestionis,
584 2566 720 2627 videntur
734 2587 769 2628 ea
782 2587 847 2627 esse
860 2570 1023 2641 refutanda,
1038 2588 1115 2646 quae

122 2673 152 2722 et
166 2661 197 2722 in
211 2674 316 2723 senatu
330 2665 370 2723 ab
383 2661 511 2724 inimicis
526 2683 616 2741 saepe
630 2665 737 2725 iactata
752 2677 864 2726 suntet
878 2666 907 2726 in
923 2666 1063 2728 contione
1076 2668 1114 2728 ab

123 2758 266 2836 improbis
291 2771 322 2821 et
344 2761 434 2837 paulo
457 2772 528 2822 aute
548 2761 587 2822 ab
607 2760 835 2836 accusatoribus,
858 2774 889 2822 ut
914 2765 996 2824 omni
1020 2783 1115 2825 errore

123 2859 240 2919 sublato
254 2877 316 2917 rem
331 2859 429 2935 plane,
445 2877 521 2936 quae
535 2859 634 2920 veniat
652 2859 684 2919 in
702 2859 853 2935 iudicium,
868 2861 968 2924 videre
986 2863 1114 2940 possitis.

123 2956 242 3031 Negant
255 2953 363 3015 intueri
377 2956 475 3015 lucem
490 2975 554 3016 esse
568 2957 611 3016 fas
626 2956 661 3028 ei,
673 2956 725 3035 qui
738 2976 757 3017 a
770 2977 802 3019 se
815 2959 968 3020 hominem
983 2959 1114 3020 occisum

82 3083 106 3121 25
122 3070 187 3111 esse
201 3053 333 3112 fateatur.
377 3054 415 3112 In
429 3072 488 3130 qua
503 3054 625 3114 tandem
639 3057 713 3115 urbe
726 3055 784 3116 hoc
797 3056 933 3116 homines
952 3056 1115 3117 stultissimi

123 3147 297 3224 disputant?
337 3151 458 3226 Nempe
471 3148 503 3209 in
517 3169 560 3222 ea,
577 3170 653 3229 quae
667 3149 795 3229 primum
809 3151 950 3212 iudicium
965 3154 1003 3213 de
1020 3153 1117 3229 capite

123 3245 198 3306 vidit
218 3247 260 3305 M.
279 3248 396 3321 Horati,
417 3247 566 3308 fortissimi
584 3247 646 3321 viri,
667 3249 717 3326 qui
736 3251 870 3309 nondum
888 3251 981 3310 libera
998 3250 1115 3311 civitate

124 3352 224 3401 tamen
238 3343 342 3419 populi
357 3344 487 3403 Romani
502 3343 630 3405 comitiis
644 3345 784 3406 liberatus
798 3357 851 3420 est,
867 3367 935 3406 cum
954 3367 1007 3407 sua
1025 3367 1115 3408 manu

123 3457 256 3500 sororem
277 3458 342 3501 esse
361 3440 544 3502 interfectam
563 3443 709 3502 fateretur.
751 3447 800 3502 An
820 3454 866 3502 est
887 3444 1052 3520 quisquam
1067 3446 1159 3514 op'xh
