2430 3772
137 225 173 281 32
511 203 756 262 CICERONIS
997 197 1072 280 [Vll
1092 203 1127 257 18

136 337 241 394 eadem
256 334 311 394 ista
325 333 484 410 Appiaria
497 353 565 393 cum
581 333 800 393 ornatissimum
811 333 941 409 equitem
954 333 1126 398 Romanum

137 431 167 486 P.
185 427 309 488 Clodius
332 431 374 486 M.
399 427 549 504 Papirium
571 427 738 499 occidisset,
761 447 823 487 non
845 427 899 486 fuit
919 426 992 485 illud
1013 425 1126 484 facinus

135 523 335 600 poeniendum
341 545 350 596 ;
364 525 456 584 homo
467 523 545 583 enim
557 523 665 583 nobilis
676 523 707 583 in
716 523 776 582 suis
786 522 988 583 monumentis
997 521 1125 599 equitem

136 623 308 679 Romanum
323 619 490 696 occiderat;
512 641 592 680 nunc
606 622 740 680 eiusdem
755 619 869 698 Appiae
880 639 990 678 nomen
1002 630 1126 695 quantas

135 714 301 792 tragoedias
324 715 450 776 excitati
492 716 579 791 Quae
602 727 755 776 cruentata
778 728 866 775 antea
890 715 983 775 caede
1009 713 1155 781 honestis

134 824 224 889 atque
244 812 413 873 innocentis
433 811 486 872 viri
511 813 660 886 silebatur,
682 814 787 873 eadem
811 831 892 872 nunc
916 810 1019 872 crebro
1045 829 1125 870 usur-

134 921 227 984 patur,
250 921 446 985 posteaquam
470 908 592 968 latronis
617 919 646 968 et
666 907 828 984 parricidae
848 906 991 983 sanguine
1012 907 1128 966 imbuta

134 1017 187 1068 est.
230 1009 290 1067 Sed
304 1007 376 1084 quid
390 1027 445 1084 ego
459 1007 509 1066 illa
523 1008 749 1066 commemoro?
783 1007 1022 1081 Comprehensus
1036 1017 1081 1063 est
1095 1005 1125 1062 in

135 1107 249 1181 templo
270 1105 400 1166 Castoris
422 1125 522 1166 servos
543 1108 574 1165 P.
599 1105 696 1178 Clodi,
719 1123 808 1182 quem
829 1104 878 1164 ille
898 1104 938 1162 ad
960 1104 1015 1165 Cn.
1041 1105 1126 1161 Pom-

134 1201 236 1277 peium
258 1200 495 1262 interficiendum
518 1203 696 1277 collocarat3
722 1213 834 1262 extorta
857 1213 902 1262 est
924 1200 952 1260 ei
974 1200 1127 1259 confitenti
1143 1233 1167 1274 ro

135 1298 196 1358 sica
206 1299 245 1358 de
256 1298 409 1372 manibus3
423 1298 515 1358 caruit
526 1301 590 1358 foro
601 1311 705 1375 postea
720 1297 889 1374 Pompeius,
905 1297 997 1357 caruit
1011 1309 1124 1369 senatu,

73 1394 74 1397 ’
134 1395 227 1455 caruit
241 1394 361 1472 publico
370 1416 380 1470 ;
400 1396 489 1455 ianua
507 1416 539 1455 se
560 1415 596 1478 ac
616 1395 785 1472 parietibus,
800 1416 862 1456 non
883 1396 946 1455 iure
965 1397 1063 1471 legum
1085 1396 1127 1456 iu-

83 1493 119 1551 19
135 1490 341 1568 diciorumque
357 1493 438 1555 texit.
474 1487 554 1554 Num
569 1513 647 1570 quae
660 1494 772 1572 rogatio
786 1496 854 1567 lata,
870 1513 942 1552 num
957 1512 1034 1569 quae
1048 1513 1126 1566 nova

134 1590 270 1667 quaestio
290 1591 409 1651 decreta
430 1595 499 1652 est?
539 1590 632 1667 Atqui
645 1591 671 1651 si
684 1611 739 1663 res,
756 1590 780 1650 si
793 1590 845 1661 vir,
860 1589 885 1649 si
900 1602 1015 1666 tempus
1033 1592 1124 1649 ullum

134 1687 256 1764 dignum
271 1688 333 1761 fuit,
349 1701 428 1750 certe
443 1691 518 1749 haec
531 1687 561 1748 in
576 1689 625 1748 illa
639 1709 730 1748 causa
743 1708 859 1749 summa
878 1689 978 1748 omnia
998 1692 1124 1749 fuerunt.
1142 1720 1165 1758 ις

135 1786 296 1846 Insidiator
316 1799 378 1847 erat
398 1787 429 1846 in
449 1789 514 1846 soro
535 1789 697 1846 collocatus
717 1798 808 1863 atque
832 1786 864 1846 iu
889 1788 1035 1847 vestibulo
1058 1787 1125 1864 ipso

134 1894 253 1944 senatus
263 1905 272 1957 ;
293 1882 320 1945 ei
339 1884 401 1943 viro
422 1897 522 1944 autern
543 1904 622 1944 mors
643 1888 809 1962 parabatur,
824 1885 907 1945 cuius
927 1885 959 1944 in
972 1885 1032 1945 vita
1053 1885 1125 1945 nite-

134 1981 220 2040 batur
233 1981 312 2040 salus
327 1980 472 2057 civitatis;
492 2000 530 2041 eo
544 2001 631 2058 porro
645 1983 687 2042 rei
702 1984 841 2060 publicae
860 1996 1004 2059 tempore,
1019 2003 1081 2060 quo
1101 1983 1125 2044 si

133 2097 210 2137 unus
220 2077 268 2137 ille
279 2077 444 2149 cecidisset,
455 2096 516 2136 non
528 2078 602 2137 haec
613 2080 708 2138 solum
720 2079 831 2151 civitas,
843 2081 896 2139 sed
907 2091 1010 2157 gentes
1021 2099 1124 2141 omnes

134 2173 341 2234 concidissent
387 2175 452 2235 Nisi
466 2195 545 2249 vero,
560 2176 631 2251 quia
649 2178 779 2254 perfecta
792 2198 838 2239 res
852 2199 914 2238 non
929 2191 981 2250 est,
997 2179 1126 2238 nonfuit
1141 2211 1167 2238 20

133 2271 323 2348 poenienda3
343 2271 469 2348 proinde
483 2273 567 2348 quasi
581 2273 676 2333 exitus
690 2294 795 2350 rerum,
811 2295 872 2335 non
888 2279 1043 2336 hominum
1058 2296 1125 2336 con·

134 2369 198 2429 silia
225 2370 338 2446 legibus
366 2369 561 2434 vindicentur.
606 2371 708 2432 Minus
736 2375 899 2433 dolendum
927 2374 980 2434 luit
1008 2393 1039 2434 re
1063 2394 1124 2434 non

81 2465 117 2524 20
131 2468 270 2542 perfecta,
297 2466 350 2526 sed
374 2467 579 2542 poeniendum
603 2480 683 2528 certe
707 2469 800 2529 nihilo
829 2469 934 2529 minus.
978 2470 1124 2545 Quotiens

133 2585 189 2642 ego
203 2564 275 2642 ipse,
292 2564 414 2638 iudices,
431 2585 466 2624 ex
480 2568 511 2625 P.
529 2567 618 2626 Clodi
633 2567 698 2628 telis
713 2580 743 2628 et
757 2587 793 2628 ex
807 2569 934 2627 cruentis
949 2568 1011 2628 eius
1030 2569 1123 2628 mani·

133 2665 189 2723 bus
203 2662 309 2739 effugii
351 2665 398 2722 Ex
412 2662 519 2739 quibus
534 2664 557 2723 si
573 2685 621 2725 me
640 2685 703 2725 non
716 2667 764 2726 vel
783 2685 849 2726 mea
862 2667 910 2726 vel
928 2665 970 2725 rei
989 2666 1126 2742 publicae
1141 2697 1165 2735 25

133 2763 250 2821 fortuna
264 2772 418 2835 servasset,
432 2759 499 2837 quis
514 2762 635 2822 tandem
650 2763 688 2823 de
702 2761 821 2822 interitu
836 2783 904 2823 meo
919 2763 1123 2840 quaestionem

133 2859 270 2918 tulisset?
309 2859 400 2917 VIII.
433 2859 494 2918 Sed
508 2858 588 2918 stulti
603 2878 712 2930 sumus,
728 2859 779 2936 qui
794 2863 934 2932 Drusum,
949 2860 1001 2937 qui
1016 2861 1125 2919 Africa·

133 2975 205 3014 num
236 2954 414 3032 Pompeium
438 2967 556 3015 nosmet
583 2955 664 3032 ipsos
692 2977 761 3017 curn
790 2960 822 3017 P.
853 2958 963 3018 Clodio
992 2960 1125 3019 conferre

133 3053 304 3111 audeamus.
340 3052 520 3112 Tolerabilia
533 3055 649 3112 suerunt
662 3052 713 3112 illa
718 3074 726 3126 ;
740 3056 773 3116 P.
784 3054 874 3115 Clodi
888 3066 1013 3115 mortem
1028 3074 1125 3132 aequo

134 3148 234 3208 animo
254 3149 327 3209 ferre
346 3167 435 3207 nemo
455 3160 562 3224 potest.
606 3150 701 3226 Luget
721 3162 849 3223 senatus,
865 3161 977 3210 maeret
991 3164 1127 3225 equester
1142 3185 1168 3220 30

134 3247 217 3317 ord0‚
239 3255 302 3306 tota
322 3245 426 3305 civitas
447 3248 584 3305 confecta
604 3246 687 3307 senio
708 3260 771 3322 est3
799 3250 934 3325 squalent
955 3247 1123 3325 municipia„

135 3343 321 3402 adflictantur
340 3342 485 3415 coloniae,
501 3343 561 3418 agri
575 3344 704 3420 denique
723 3344 780 3420 ipsi
795 3357 856 3404 tam
871 3344 1047 3416 beneficum,
1063 3356 1125 3404 tam

79 3437 116 3494 21
133 3440 298 3510 salutarem,
315 3449 375 3497 tam
390 3449 577 3497 mansuetum
591 3438 687 3499 civem
701 3439 878 3499 desiderant.
922 3441 994 3497 Non
1014 3438 1069 3499 suit
1091 3460 1126 3500 ea
